<?xml version="1.0" encoding="UTF-8"?>
<!DOCTYPE html PUBLIC "-//W3C//DTD XHTML 1.0 Transitional//EN"
    "http://www.w3.org/TR/xhtml1/DTD/xhtml1-transitional.dtd">
<html xmlns="http://www.w3.org/1999/xhtml" xml:lang="en" lang="en">
 <head>
  <title>
</title>
<meta http-equiv="Content-Type" content="text/html;charset=utf-8" />
  <meta name='ocr-system' content='tesseract 3.04.00' />
  <meta name='ocr-capabilities' content='ocr_page ocr_carea ocr_par ocr_line ocrx_word'/>
</head>
<body>
  <div class='ocr_page' id='page_1' title='image "./codexdiplomatic02bartgoog_0111.png"; bbox 0 0 4788 5926; ppageno 0'>
   <div class='ocr_carea' id='block_1_1' title="bbox 908 762 1271 842">
    <p class='ocr_par' dir='ltr' id='par_1_1' title="bbox 908 762 1271 842">
     <span class='ocr_line' id='line_1_1' title="bbox 908 762 1271 842; baseline 0.006 -2"><span class='ocrx_word' id='word_1_1' title='bbox 908 762 1271 842; x_wconf 81' lang='lat' dir='ltr'>·-ro-</span> 
     </span>
    </p>
   </div>
   <div class='ocr_carea' id='block_1_2' title="bbox 493 1099 1800 1461">
    <p class='ocr_par' dir='ltr' id='par_1_2' title="bbox 493 1099 1800 1461">
     <span class='ocr_line' id='line_1_2' title="bbox 1065 1099 1534 1252; baseline 0.004 -34"><span class='ocrx_word' id='word_1_2' title='bbox 1065 1099 1225 1218; x_wconf 82' lang='lat' dir='ltr'>uum</span> <span class='ocrx_word' id='word_1_3' title='bbox 1531 1243 1534 1252; x_wconf 16' lang='lat'>¹</span> 
     </span>
     <span class='ocr_line' id='line_1_3' title="bbox 493 1303 1800 1461; baseline 0.007 -14"><span class='ocrx_word' id='word_1_4' title='bbox 493 1361 625 1448; x_wconf 72' lang='lat' dir='ltr'>stne</span> <span class='ocrx_word' id='word_1_5' title='bbox 650 1359 800 1461; x_wconf 85' lang='lat' dir='ltr'>loco,</span> <span class='ocrx_word' id='word_1_6' title='bbox 832 1383 986 1450; x_wconf 85' lang='lat' dir='ltr'>anno</span> <span class='ocrx_word' id='word_1_7' title='bbox 1012 1343 1162 1452; x_wconf 73' lang='lat'>1254</span> <span class='ocrx_word' id='word_1_8' title='bbox 1188 1361 1282 1450; x_wconf 83' lang='lat' dir='ltr'>dte</span> <span class='ocrx_word' id='word_1_9' title='bbox 1306 1362 1399 1454; x_wconf 75' lang='lat'>28.</span> <span class='ocrx_word' id='word_1_10' title='bbox 1426 1307 1594 1454; x_wconf 64' lang='lat' dir='ltr'>miens</span> <span class='ocrx_word' id='word_1_11' title='bbox 1620 1303 1800 1456; x_wconf 58' lang='lat' dir='ltr'>duroto.</span> 
     </span>
    </p>
   </div>
   <div class='ocr_carea' id='block_1_3' title="bbox 284 1528 2075 1964">
    <p class='ocr_par' dir='ltr' id='par_1_3' title="bbox 284 1528 2075 1964">
     <span class='ocr_line' id='line_1_4' title="bbox 284 1528 2075 1662; baseline 0.008 -29"><span class='ocrx_word' id='word_1_12' title='bbox 284 1653 289 1660; x_wconf 34' lang='grc'><strong>,</strong></span> <span class='ocrx_word' id='word_1_13' title='bbox 332 1563 601 1638; x_wconf 73' lang='lat' dir='ltr'>Bolesluous</span> <span class='ocrx_word' id='word_1_14' title='bbox 615 1563 748 1640; x_wconf 77' lang='lat' dir='ltr'>rudem</span> <span class='ocrx_word' id='word_1_15' title='bbox 761 1565 832 1638; x_wconf 84' lang='lat' dir='ltr'>lun</span> <span class='ocrx_word' id='word_1_16' title='bbox 846 1565 1015 1640; x_wconf 79' lang='lat' dir='ltr'>tlmonvloo</span> <span class='ocrx_word' id='word_1_17' title='bbox 1030 1571 1064 1640; x_wconf 86' lang='lat' dir='ltr'>ot</span> <span class='ocrx_word' id='word_1_18' title='bbox 1077 1547 1301 1657; x_wconf 70' lang='lat' dir='ltr'>londonium.</span> <span class='ocrx_word' id='word_1_19' title='bbox 1316 1569 1499 1644; x_wconf 84' lang='lat' dir='ltr'>noonollun</span> <span class='ocrx_word' id='word_1_20' title='bbox 1513 1585 1671 1643; x_wconf 72' lang='lat' dir='ltr'>mororum</span> <span class='ocrx_word' id='word_1_21' title='bbox 1680 1571 1963 1662; x_wconf 64' lang='lat' dir='ltr'>vhglnunorlhln</span> <span class='ocrx_word' id='word_1_22' title='bbox 2071 1528 2075 1535; x_wconf 20' lang='grc' dir='ltr'><strong><em>Ι</em></strong></span> 
     </span>
     <span class='ocr_line' id='line_1_5' title="bbox 331 1663 1992 1764; baseline 0.006 -24"><span class='ocrx_word' id='word_1_23' title='bbox 331 1663 1168 1759; x_wconf 69' lang='lat' dir='ltr'>momummrurmamzyamueenruat,</span> <span class='ocrx_word' id='word_1_24' title='bbox 1191 1669 1352 1764; x_wconf 79' lang='lat' dir='ltr'>ollamque</span> <span class='ocrx_word' id='word_1_25' title='bbox 1366 1671 1401 1744; x_wconf 83' lang='lat' dir='ltr'>ot</span> <span class='ocrx_word' id='word_1_26' title='bbox 1414 1671 1495 1745; x_wconf 76' lang='lat' dir='ltr'>hono</span> <span class='ocrx_word' id='word_1_27' title='bbox 1508 1674 1542 1745; x_wconf 84' lang='lat' dir='ltr'>ot</span> <span class='ocrx_word' id='word_1_28' title='bbox 1555 1672 1757 1756; x_wconf 77' lang='lat' dir='ltr'>nlmtooorn</span> <span class='ocrx_word' id='word_1_29' title='bbox 1770 1673 1877 1762; x_wconf 83' lang='lat' dir='ltr'>nilon,</span> <span class='ocrx_word' id='word_1_30' title='bbox 1891 1677 1961 1750; x_wconf 81' lang='lat' dir='ltr'>turn</span> <span class='ocrx_word' id='word_1_31' title='bbox 1990 1689 1992 1696; x_wconf 79' lang='grc'><strong>“</strong></span> 
     </span>
     <span class='ocr_line' id='line_1_6' title="bbox 394 1769 1901 1964; baseline 0.007 -124"><span class='ocrx_word' id='word_1_32' title='bbox 394 1785 479 1856; x_wconf 82' lang='lat' dir='ltr'>oro,</span> <span class='ocrx_word' id='word_1_33' title='bbox 493 1769 562 1842; x_wconf 85' lang='lat' dir='ltr'>lon</span> <span class='ocrx_word' id='word_1_34' title='bbox 575 1770 615 1842; x_wconf 79' lang='lat' dir='ltr'>nl</span> <span class='ocrx_word' id='word_1_35' title='bbox 630 1769 702 1842; x_wconf 82' lang='lat' dir='ltr'>ollis</span> <span class='ocrx_word' id='word_1_36' title='bbox 715 1770 872 1844; x_wconf 71' lang='lat' dir='ltr'>nonnullis</span> <span class='ocrx_word' id='word_1_37' title='bbox 884 1769 1366 1964; x_wconf 43' lang='lat' dir='ltr'>noltlllrstl‘qqqlnlaqqllpnotu,</span> <span class='ocrx_word' id='word_1_38' title='bbox 1376 1772 1538 1924; x_wconf 27' lang='lat' dir='ltr'>‚ramnum</span> <span class='ocrx_word' id='word_1_39' title='bbox 1551 1773 1711 1874; x_wconf 73' lang='lat' dir='ltr'>hpnelnllo</span> <span class='ocrx_word' id='word_1_40' title='bbox 1724 1771 1901 1870; x_wconf 72' lang='lat' dir='ltr'>lnporum</span> 
     </span>
    </p>
   </div>
   <div class='ocr_carea' id='block_1_4' title="bbox 322 2091 1994 2790">
    <p class='ocr_par' dir='ltr' id='par_1_4' title="bbox 322 2091 1994 2790">
     <span class='ocr_line' id='line_1_7' title="bbox 431 2091 1961 2214; baseline 0.006 -34"><span class='ocrx_word' id='word_1_41' title='bbox 431 2091 475 2180; x_wconf 93' lang='lat' dir='ltr'>ln</span> <span class='ocrx_word' id='word_1_42' title='bbox 502 2093 651 2183; x_wconf 90' lang='lat' dir='ltr'>nomine</span> <span class='ocrx_word' id='word_1_43' title='bbox 681 2109 837 2182; x_wconf 86' lang='lat' dir='ltr'>sanctae</span> <span class='ocrx_word' id='word_1_44' title='bbox 869 2109 906 2182; x_wconf 93' lang='lat' dir='ltr'>et</span> <span class='ocrx_word' id='word_1_45' title='bbox 935 2094 1148 2184; x_wconf 80' lang='lat' dir='ltr'>individuae</span> <span class='ocrx_word' id='word_1_46' title='bbox 1179 2097 1370 2204; x_wconf 71' lang='lat' dir='ltr'>trinitatis,</span> <span class='ocrx_word' id='word_1_47' title='bbox 1400 2099 1539 2214; x_wconf 90' lang='lat' dir='ltr'>patris,</span> <span class='ocrx_word' id='word_1_48' title='bbox 1571 2109 1608 2186; x_wconf 90' lang='lat' dir='ltr'>et</span> <span class='ocrx_word' id='word_1_49' title='bbox 1623 2095 1716 2206; x_wconf 82' lang='lat' dir='ltr'>liiii,</span> <span class='ocrx_word' id='word_1_50' title='bbox 1748 2113 1785 2186; x_wconf 89' lang='lat' dir='ltr'>et</span> <span class='ocrx_word' id='word_1_51' title='bbox 1811 2130 1831 2188; x_wconf 90' lang='lat' dir='ltr'>s</span> <span class='ocrx_word' id='word_1_52' title='bbox 1859 2100 1961 2188; x_wconf 85' lang='lat' dir='ltr'>initus</span> 
     </span>
     <span class='ocr_line' id='line_1_8' title="bbox 322 2131 1960 2332; baseline 0.001 -30"><span class='ocrx_word' id='word_1_53' title='bbox 322 2212 462 2317; x_wconf 88' lang='lat' dir='ltr'>sancti,</span> <span class='ocrx_word' id='word_1_54' title='bbox 484 2240 605 2298; x_wconf 91' lang='lat' dir='ltr'>amen.</span> <span class='ocrx_word' id='word_1_55' title='bbox 641 2208 693 2299; x_wconf 89' lang='lat' dir='ltr'>Ut</span> <span class='ocrx_word' id='word_1_56' title='bbox 711 2225 866 2298; x_wconf 91' lang='lat' dir='ltr'>nostrae</span> <span class='ocrx_word' id='word_1_57' title='bbox 887 2209 1099 2301; x_wconf 90' lang='lat' dir='ltr'>devotionis</span> <span class='ocrx_word' id='word_1_58' title='bbox 1120 2213 1346 2300; x_wconf 83' lang='lat' dir='ltr'>sacrificium</span> <span class='ocrx_word' id='word_1_59' title='bbox 1368 2215 1453 2300; x_wconf 87' lang='lat' dir='ltr'>oleo</span> <span class='ocrx_word' id='word_1_60' title='bbox 1475 2217 1595 2302; x_wconf 88' lang='lat' dir='ltr'>sancti</span> <span class='ocrx_word' id='word_1_61' title='bbox 1616 2217 1766 2332; x_wconf 90' lang='lat' dir='ltr'>spiritus</span> <span class='ocrx_word' id='word_1_62' title='bbox 1788 2131 1960 2324; x_wconf 81' lang='lat' dir='ltr'>inidsum,</span> 
     </span>
     <span class='ocr_line' id='line_1_9' title="bbox 331 2325 1994 2459; baseline 0.004 -46"><span class='ocrx_word' id='word_1_63' title='bbox 331 2325 397 2414; x_wconf 90' lang='lat' dir='ltr'>liat</span> <span class='ocrx_word' id='word_1_64' title='bbox 425 2325 687 2414; x_wconf 87' lang='lat' dir='ltr'>holocaustum</span> <span class='ocrx_word' id='word_1_65' title='bbox 718 2327 806 2459; x_wconf 69' lang='lat' dir='ltr'>igne</span> <span class='ocrx_word' id='word_1_66' title='bbox 837 2327 1014 2412; x_wconf 90' lang='lat' dir='ltr'>coelestis</span> <span class='ocrx_word' id='word_1_67' title='bbox 1045 2327 1276 2414; x_wconf 81' lang='lat' dir='ltr'>tabernaculi</span> <span class='ocrx_word' id='word_1_68' title='bbox 1307 2327 1623 2434; x_wconf 89' lang='lat' dir='ltr'>consumendum,</span> <span class='ocrx_word' id='word_1_69' title='bbox 1654 2361 1725 2418; x_wconf 90' lang='lat' dir='ltr'>nos</span> <span class='ocrx_word' id='word_1_70' title='bbox 1754 2331 1994 2444; x_wconf 79' lang='lat' dir='ltr'>Boleslaus.</span> 
     </span>
     <span class='ocr_line' id='line_1_10' title="bbox 331 2439 1962 2557; baseline 0.001 -25"><span class='ocrx_word' id='word_1_71' title='bbox 331 2442 427 2532; x_wconf 86' lang='lat' dir='ltr'>iilius</span> <span class='ocrx_word' id='word_1_72' title='bbox 447 2441 656 2545; x_wconf 81' lang='lat' dir='ltr'>Lesconis,</span> <span class='ocrx_word' id='word_1_73' title='bbox 687 2439 747 2525; x_wconf 90' lang='lat' dir='ltr'>der</span> <span class='ocrx_word' id='word_1_74' title='bbox 767 2444 893 2557; x_wconf 79' lang='lat' dir='ltr'>gratia</span> <span class='ocrx_word' id='word_1_75' title='bbox 913 2441 1000 2527; x_wconf 86' lang='lat' dir='ltr'>Dux</span> <span class='ocrx_word' id='word_1_76' title='bbox 1024 2442 1236 2534; x_wconf 85' lang='lat' dir='ltr'>Cracoviae</span> <span class='ocrx_word' id='word_1_77' title='bbox 1257 2457 1295 2528; x_wconf 96' lang='lat' dir='ltr'>et</span> <span class='ocrx_word' id='word_1_78' title='bbox 1314 2441 1596 2548; x_wconf 89' lang='lat' dir='ltr'>Sandomiriae,</span> <span class='ocrx_word' id='word_1_79' title='bbox 1629 2447 1801 2531; x_wconf 90' lang='lat' dir='ltr'>omnihus</span> <span class='ocrx_word' id='word_1_80' title='bbox 1824 2447 1962 2534; x_wconf 88' lang='lat' dir='ltr'>Christi</span> 
     </span>
     <span class='ocr_line' id='line_1_11' title="bbox 331 2555 1960 2691; baseline -0.001 -41"><span class='ocrx_word' id='word_1_81' title='bbox 331 2558 505 2650; x_wconf 88' lang='lat' dir='ltr'>lideiihus</span> <span class='ocrx_word' id='word_1_82' title='bbox 526 2571 764 2675; x_wconf 85' lang='lat' dir='ltr'>praesentem</span> <span class='ocrx_word' id='word_1_83' title='bbox 786 2557 965 2674; x_wconf 80' lang='lat' dir='ltr'>paginam</span> <span class='ocrx_word' id='word_1_84' title='bbox 986 2555 1229 2672; x_wconf 89' lang='lat' dir='ltr'>inspecturis,</span> <span class='ocrx_word' id='word_1_85' title='bbox 1260 2555 1525 2660; x_wconf 82' lang='lat' dir='ltr'>fundamenta,</span> <span class='ocrx_word' id='word_1_86' title='bbox 1554 2586 1788 2691; x_wconf 72' lang='lat' dir='ltr'>progressus</span> <span class='ocrx_word' id='word_1_87' title='bbox 1809 2575 1848 2647; x_wconf 90' lang='lat' dir='ltr'>et</span> <span class='ocrx_word' id='word_1_88' title='bbox 1868 2592 1960 2649; x_wconf 90' lang='lat' dir='ltr'>con·</span> 
     </span>
     <span class='ocr_line' id='line_1_12' title="bbox 332 2669 1962 2790; baseline -0.002 -22"><span class='ocrx_word' id='word_1_89' title='bbox 332 2677 585 2770; x_wconf 88' lang='lat' dir='ltr'>servationem</span> <span class='ocrx_word' id='word_1_90' title='bbox 615 2672 909 2779; x_wconf 80' lang='lat' dir='ltr'>architecturae,</span> <span class='ocrx_word' id='word_1_91' title='bbox 945 2702 1057 2790; x_wconf 93' lang='lat' dir='ltr'>quam</span> <span class='ocrx_word' id='word_1_92' title='bbox 1087 2669 1138 2758; x_wconf 93' lang='lat' dir='ltr'>ad</span> <span class='ocrx_word' id='word_1_93' title='bbox 1163 2671 1346 2762; x_wconf 89' lang='lat' dir='ltr'>honorem</span> <span class='ocrx_word' id='word_1_94' title='bbox 1373 2673 1436 2761; x_wconf 89' lang='lat' dir='ltr'>iiiii</span> <span class='ocrx_word' id='word_1_95' title='bbox 1462 2672 1524 2760; x_wconf 91' lang='lat' dir='ltr'>dei</span> <span class='ocrx_word' id='word_1_96' title='bbox 1551 2674 1691 2762; x_wconf 81' lang='lat' dir='ltr'>domini</span> <span class='ocrx_word' id='word_1_97' title='bbox 1717 2679 1836 2764; x_wconf 89' lang='lat' dir='ltr'>nostri</span> <span class='ocrx_word' id='word_1_98' title='bbox 1865 2678 1962 2766; x_wconf 80' lang='lat' dir='ltr'>lesu</span> 
     </span>
    </p>
   </div>
   <div class='ocr_carea' id='block_1_5' title="bbox 333 2789 2152 2909">
    <p class='ocr_par' dir='ltr' id='par_1_5' title="bbox 333 2789 2152 2909">
     <span class='ocr_line' id='line_1_13' title="bbox 333 2789 2152 2909; baseline -0.002 -26"><span class='ocrx_word' id='word_1_99' title='bbox 333 2796 468 2884; x_wconf 86' lang='lat' dir='ltr'>Christi</span> <span class='ocrx_word' id='word_1_100' title='bbox 484 2793 668 2881; x_wconf 88' lang='lat' dir='ltr'>etbeatae</span> <span class='ocrx_word' id='word_1_101' title='bbox 687 2789 834 2876; x_wconf 89' lang='lat' dir='ltr'>Mariae</span> <span class='ocrx_word' id='word_1_102' title='bbox 855 2819 1005 2906; x_wconf 86' lang='lat' dir='ltr'>semper</span> <span class='ocrx_word' id='word_1_103' title='bbox 1023 2789 1179 2909; x_wconf 82' lang='lat' dir='ltr'>virginis</span> <span class='ocrx_word' id='word_1_104' title='bbox 1201 2789 1371 2906; x_wconf 87' lang='lat' dir='ltr'>ejusdem</span> <span class='ocrx_word' id='word_1_105' title='bbox 1391 2789 1583 2909; x_wconf 82' lang='lat' dir='ltr'>genitricis</span> <span class='ocrx_word' id='word_1_106' title='bbox 1604 2793 1808 2884; x_wconf 82' lang='lat' dir='ltr'>exemimus</span> <span class='ocrx_word' id='word_1_107' title='bbox 1829 2793 1867 2907; x_wconf 67' lang='lat' dir='ltr'>(l</span> <span class='ocrx_word' id='word_1_108' title='bbox 1881 2826 1961 2884; x_wconf 89' lang='lat' dir='ltr'>ere·</span> <span class='ocrx_word' id='word_1_109' title='bbox 2018 2811 2020 2816; x_wconf 83' lang='lat'>&#39;</span> <span class='ocrx_word' id='word_1_110' title='bbox 2147 2841 2152 2848; x_wconf 96' lang='lat'>·</span> 
     </span>
    </p>
   </div>
   <div class='ocr_carea' id='block_1_6' title="bbox 331 2905 1961 3025">
    <p class='ocr_par' dir='ltr' id='par_1_6' title="bbox 331 2905 1961 3025">
     <span class='ocr_line' id='line_1_14' title="bbox 331 2905 1961 3025; baseline -0.002 -23"><span class='ocrx_word' id='word_1_111' title='bbox 331 2910 490 3022; x_wconf 75' lang='lat' dir='ltr'>ximusl)</span> <span class='ocrx_word' id='word_1_112' title='bbox 506 2912 643 3001; x_wconf 89' lang='lat' dir='ltr'>devota</span> <span class='ocrx_word' id='word_1_113' title='bbox 656 2908 832 3025; x_wconf 90' lang='lat' dir='ltr'>petitione</span> <span class='ocrx_word' id='word_1_114' title='bbox 848 2905 1027 3019; x_wconf 81' lang='lat' dir='ltr'>dictae(‘l)</span> <span class='ocrx_word' id='word_1_115' title='bbox 1044 2909 1171 2996; x_wconf 89' lang='lat' dir='ltr'>matris</span> <span class='ocrx_word' id='word_1_116' title='bbox 1192 2923 1346 2996; x_wconf 90' lang='lat' dir='ltr'>nostrae</span> <span class='ocrx_word' id='word_1_117' title='bbox 1368 2908 1663 3024; x_wconf 85' lang='lat' dir='ltr'>Grzymisiavae,</span> <span class='ocrx_word' id='word_1_118' title='bbox 1684 2926 1723 2999; x_wconf 92' lang='lat' dir='ltr'>et</span> <span class='ocrx_word' id='word_1_119' title='bbox 1737 2913 1787 3000; x_wconf 90' lang='lat' dir='ltr'>ob</span> <span class='ocrx_word' id='word_1_120' title='bbox 1804 2912 1961 3002; x_wconf 83' lang='lat' dir='ltr'>&#39;salutem</span> 
     </span>
    </p>
   </div>
   <div class='ocr_carea' id='block_1_7' title="bbox 333 3011 2124 3148">
    <p class='ocr_par' dir='ltr' id='par_1_7' title="bbox 333 3011 2124 3148">
     <span class='ocr_line' id='line_1_15' title="bbox 333 3011 2124 3148; baseline -0.001 -31"><span class='ocrx_word' id='word_1_121' title='bbox 333 3029 457 3118; x_wconf 88' lang='lat' dir='ltr'>dilecti</span> <span class='ocrx_word' id='word_1_122' title='bbox 477 3027 595 3143; x_wconf 90' lang='lat' dir='ltr'>patris</span> <span class='ocrx_word' id='word_1_123' title='bbox 614 3025 732 3112; x_wconf 89' lang='lat' dir='ltr'>nostri</span> <span class='ocrx_word' id='word_1_124' title='bbox 751 3023 947 3130; x_wconf 89' lang='lat' dir='ltr'>Lesconis,</span> <span class='ocrx_word' id='word_1_125' title='bbox 969 3041 1007 3110; x_wconf 87' lang='lat' dir='ltr'>et</span> <span class='ocrx_word' id='word_1_126' title='bbox 1027 3026 1156 3111; x_wconf 88' lang='lat' dir='ltr'>uxoris</span> <span class='ocrx_word' id='word_1_127' title='bbox 1176 3039 1331 3112; x_wconf 86' lang='lat' dir='ltr'>nostrae</span> <span class='ocrx_word' id='word_1_128' title='bbox 1352 3025 1598 3114; x_wconf 88' lang='lat' dir='ltr'>Guncbundis</span> <span class='ocrx_word' id='word_1_129' title='bbox 1615 3025 1696 3138; x_wconf 87' lang='lat' dir='ltr'>(sic)</span> <span class='ocrx_word' id='word_1_130' title='bbox 1712 3042 1751 3114; x_wconf 91' lang='lat' dir='ltr'>el</span> <span class='ocrx_word' id='word_1_131' title='bbox 1765 3042 1962 3148; x_wconf 87' lang='lat' dir='ltr'>parentum</span> <span class='ocrx_word' id='word_1_132' title='bbox 2012 3023 2018 3030; x_wconf 54' lang='grc'><strong>“</strong></span> <span class='ocrx_word' id='word_1_133' title='bbox 2117 3011 2124 3020; x_wconf 55' lang='grc'><strong>’</strong></span> 
     </span>
    </p>
   </div>
   <div class='ocr_carea' id='block_1_8' title="bbox 250 3142 1963 4318">
    <p class='ocr_par' dir='ltr' id='par_1_8' title="bbox 250 3142 1963 4318">
     <span class='ocr_line' id='line_1_16' title="bbox 333 3142 1959 3266; baseline -0.002 -30"><span class='ocrx_word' id='word_1_134' title='bbox 333 3161 567 3249; x_wconf 89' lang='lat' dir='ltr'>nostrorum,</span> <span class='ocrx_word' id='word_1_135' title='bbox 598 3154 766 3232; x_wconf 91' lang='lat' dir='ltr'>nostram</span> <span class='ocrx_word' id='word_1_136' title='bbox 793 3142 902 3230; x_wconf 91' lang='lat' dir='ltr'>simul</span> <span class='ocrx_word' id='word_1_137' title='bbox 929 3156 966 3228; x_wconf 90' lang='lat' dir='ltr'>et</span> <span class='ocrx_word' id='word_1_138' title='bbox 991 3171 1260 3230; x_wconf 91' lang='lat' dir='ltr'>successorum</span> <span class='ocrx_word' id='word_1_139' title='bbox 1290 3158 1506 3232; x_wconf 91' lang='lat' dir='ltr'>nostrorum</span> <span class='ocrx_word' id='word_1_140' title='bbox 1535 3143 1680 3251; x_wconf 91' lang='lat' dir='ltr'>villam,</span> <span class='ocrx_word' id='word_1_141' title='bbox 1713 3173 1812 3264; x_wconf 89' lang='lat' dir='ltr'>quac</span> <span class='ocrx_word' id='word_1_142' title='bbox 1842 3147 1959 3266; x_wconf 79' lang='lat' dir='ltr'>vulgo</span> 
     </span>
     <span class='ocr_line' id='line_1_17' title="bbox 333 3255 1963 3380; baseline -0.002 -27"><span class='ocrx_word' id='word_1_143' title='bbox 333 3255 686 3372; x_wconf 49' lang='lat' dir='ltr'>artemonem)</span> <span class='ocrx_word' id='word_1_144' title='bbox 706 3275 954 3377; x_wconf 88' lang='lat' dir='ltr'>nuncupatur,</span> <span class='ocrx_word' id='word_1_145' title='bbox 975 3261 1118 3377; x_wconf 87' lang='lat' dir='ltr'>scripto</span> <span class='ocrx_word' id='word_1_146' title='bbox 1135 3262 1324 3380; x_wconf 88' lang='lat' dir='ltr'>praesenti</span> <span class='ocrx_word' id='word_1_147' title='bbox 1339 3261 1577 3349; x_wconf 78' lang='lat' dir='ltr'>declaramus</span> <span class='ocrx_word' id='word_1_148' title='bbox 1592 3263 1681 3352; x_wconf 93' lang='lat' dir='ltr'>inihi</span> <span class='ocrx_word' id='word_1_149' title='bbox 1695 3266 1963 3354; x_wconf 87' lang='lat' dir='ltr'>monasterium</span> 
     </span>
     <span class='ocr_line' id='line_1_18' title="bbox 333 3375 1962 3498; baseline -0.002 -30"><span class='ocrx_word' id='word_1_150' title='bbox 333 3380 667 3470; x_wconf 87' lang='lat' dir='ltr'>sanctimonialium</span> <span class='ocrx_word' id='word_1_151' title='bbox 683 3375 826 3464; x_wconf 87' lang='lat' dir='ltr'>ordinis</span> <span class='ocrx_word' id='word_1_152' title='bbox 846 3377 1245 3482; x_wconf 82' lang='lat' dir='ltr'>Prasmonstratensis,</span> <span class='ocrx_word' id='word_1_153' title='bbox 1266 3378 1514 3494; x_wconf 91' lang='lat' dir='ltr'>dispositione</span> <span class='ocrx_word' id='word_1_154' title='bbox 1534 3380 1699 3498; x_wconf 78' lang='lat' dir='ltr'>legitima</span> <span class='ocrx_word' id='word_1_155' title='bbox 1716 3394 1755 3464; x_wconf 89' lang='lat' dir='ltr'>et</span> <span class='ocrx_word' id='word_1_156' title='bbox 1768 3379 1962 3496; x_wconf 91' lang='lat' dir='ltr'>principali</span> 
     </span>
     <span class='ocr_line' id='line_1_19' title="bbox 333 3493 1962 3611; baseline -0.001 -27"><span class='ocrx_word' id='word_1_157' title='bbox 333 3497 554 3585; x_wconf 88' lang='lat' dir='ltr'>auctoritate</span> <span class='ocrx_word' id='word_1_158' title='bbox 570 3496 850 3598; x_wconf 90' lang='lat' dir='ltr'>constituentes,</span> <span class='ocrx_word' id='word_1_159' title='bbox 870 3495 1076 3609; x_wconf 91' lang='lat' dir='ltr'>praemium</span> <span class='ocrx_word' id='word_1_160' title='bbox 1093 3509 1248 3580; x_wconf 91' lang='lat' dir='ltr'>nostrae</span> <span class='ocrx_word' id='word_1_161' title='bbox 1264 3493 1535 3580; x_wconf 84' lang='lat' dir='ltr'>munificentiae</span> <span class='ocrx_word' id='word_1_162' title='bbox 1551 3497 1588 3580; x_wconf 90' lang='lat' dir='ltr'>in</span> <span class='ocrx_word' id='word_1_163' title='bbox 1602 3510 1758 3582; x_wconf 88' lang='lat' dir='ltr'>aeterno</span> <span class='ocrx_word' id='word_1_164' title='bbox 1773 3524 1962 3611; x_wconf 88' lang='lat' dir='ltr'>reponen-</span> 
     </span>
     <span class='ocr_line' id='line_1_20' title="bbox 250 3607 1963 3730; baseline -0.005 -27"><span class='ocrx_word' id='word_1_165' title='bbox 250 3635 255 3644; x_wconf 84' lang='lat'>&#39;</span> <span class='ocrx_word' id='word_1_166' title='bbox 333 3632 391 3703; x_wconf 89' lang='lat' dir='ltr'>tes</span> <span class='ocrx_word' id='word_1_167' title='bbox 406 3612 660 3700; x_wconf 89' lang='lat' dir='ltr'>tabernaculo.</span> <span class='ocrx_word' id='word_1_168' title='bbox 690 3609 810 3729; x_wconf 84' lang='lat' dir='ltr'>igitur</span> <span class='ocrx_word' id='word_1_169' title='bbox 823 3610 1046 3696; x_wconf 90' lang='lat' dir='ltr'>universitas</span> <span class='ocrx_word' id='word_1_170' title='bbox 1061 3607 1270 3722; x_wconf 78' lang='lat' dir='ltr'>noverit(³)</span> <span class='ocrx_word' id='word_1_171' title='bbox 1285 3609 1592 3717; x_wconf 85' lang='lat' dir='ltr'>christicolarum,</span> <span class='ocrx_word' id='word_1_172' title='bbox 1608 3611 1815 3730; x_wconf 84' lang='lat' dir='ltr'>praelibato</span> <span class='ocrx_word' id='word_1_173' title='bbox 1831 3639 1963 3698; x_wconf 91' lang='lat' dir='ltr'>mona·</span> 
     </span>
     <span class='ocr_line' id='line_1_21' title="bbox 334 3723 1961 3846; baseline -0.002 -27"><span class='ocrx_word' id='word_1_174' title='bbox 334 3731 449 3820; x_wconf 89' lang='lat' dir='ltr'>sterio</span> <span class='ocrx_word' id='word_1_175' title='bbox 466 3758 537 3816; x_wconf 93' lang='lat' dir='ltr'>nos</span> <span class='ocrx_word' id='word_1_176' title='bbox 559 3756 706 3815; x_wconf 89' lang='lat' dir='ltr'>omnem</span> <span class='ocrx_word' id='word_1_177' title='bbox 727 3727 953 3833; x_wconf 89' lang='lat' dir='ltr'>libertatem,</span> <span class='ocrx_word' id='word_1_178' title='bbox 975 3727 1257 3833; x_wconf 88' lang='lat' dir='ltr'>immunitatem,</span> <span class='ocrx_word' id='word_1_179' title='bbox 1278 3758 1385 3816; x_wconf 87' lang='lat' dir='ltr'>exem</span> <span class='ocrx_word' id='word_1_180' title='bbox 1413 3729 1570 3836; x_wconf 86' lang='lat' dir='ltr'>tionem,</span> <span class='ocrx_word' id='word_1_181' title='bbox 1591 3723 1850 3836; x_wconf 86' lang='lat' dir='ltr'>secuiitatem,</span> <span class='ocrx_word' id='word_1_182' title='bbox 1870 3757 1961 3846; x_wconf 90' lang='lat' dir='ltr'>pro·</span> 
     </span>
     <span class='ocr_line' id='line_1_22' title="bbox 334 3759 1961 3964; baseline -0.004 -26"><span class='ocrx_word' id='word_1_183' title='bbox 334 3849 532 3938; x_wconf 86' lang='lat' dir='ltr'>tectionem</span> <span class='ocrx_word' id='word_1_184' title='bbox 560 3860 741 3962; x_wconf 88' lang='lat' dir='ltr'>perpetuo</span> <span class='ocrx_word' id='word_1_185' title='bbox 769 3844 1069 3933; x_wconf 88' lang='lat' dir='ltr'>conservandam</span> <span class='ocrx_word' id='word_1_186' title='bbox 1098 3843 1312 3934; x_wconf 85' lang='lat' dir='ltr'>contulisse.</span> <span class='ocrx_word' id='word_1_187' title='bbox 1366 3759 1484 3963; x_wconf 67' lang='lat' dir='ltr'>dhjus</span> <span class='ocrx_word' id='word_1_188' title='bbox 1513 3847 1684 3934; x_wconf 84' lang='lat' dir='ltr'>territorii</span> <span class='ocrx_word' id='word_1_189' title='bbox 1711 3847 1961 3964; x_wconf 86' lang='lat' dir='ltr'>quantitatem,</span> 
     </span>
     <span class='ocr_line' id='line_1_23' title="bbox 336 3961 1961 4082; baseline -0.001 -30"><span class='ocrx_word' id='word_1_190' title='bbox 336 3967 528 4069; x_wconf 87' lang='lat' dir='ltr'>utilitates,</span> <span class='ocrx_word' id='word_1_191' title='bbox 558 3965 691 4052; x_wconf 90' lang='lat' dir='ltr'>limites</span> <span class='ocrx_word' id='word_1_192' title='bbox 722 3962 932 4082; x_wconf 80' lang='lat' dir='ltr'>singillatim</span> <span class='ocrx_word' id='word_1_193' title='bbox 963 3965 999 4049; x_wconf 91' lang='lat' dir='ltr'>in</span> <span class='ocrx_word' id='word_1_194' title='bbox 1026 3961 1100 4049; x_wconf 88' lang='lat' dir='ltr'>hae</span> <span class='ocrx_word' id='word_1_195' title='bbox 1128 3964 1272 4082; x_wconf 81' lang='lat' dir='ltr'>pagina</span> <span class='ocrx_word' id='word_1_196' title='bbox 1303 3961 1594 4080; x_wconf 87' lang='lat' dir='ltr'>descripsimus,</span> <span class='ocrx_word' id='word_1_197' title='bbox 1626 3979 1663 4050; x_wconf 86' lang='lat' dir='ltr'>et</span> <span class='ocrx_word' id='word_1_198' title='bbox 1691 3964 1961 4080; x_wconf 91' lang='lat' dir='ltr'>possessiones</span> 
     </span>
     <span class='ocr_line' id='line_1_24' title="bbox 337 4079 1961 4200; baseline -0.004 -28"><span class='ocrx_word' id='word_1_199' title='bbox 337 4080 593 4200; x_wconf 88' lang='lat' dir='ltr'>supradictas,</span> <span class='ocrx_word' id='word_1_200' title='bbox 626 4081 806 4186; x_wconf 90' lang='lat' dir='ltr'>colonos,</span> <span class='ocrx_word' id='word_1_201' title='bbox 835 4081 1123 4198; x_wconf 88' lang='lat' dir='ltr'>possessionum</span> <span class='ocrx_word' id='word_1_202' title='bbox 1143 4082 1412 4198; x_wconf 86' lang='lat' dir='ltr'>asscriptiones</span> <span class='ocrx_word' id='word_1_203' title='bbox 1433 4079 1715 4168; x_wconf 91' lang='lat' dir='ltr'>subnotavimus</span> <span class='ocrx_word' id='word_1_204' title='bbox 1734 4081 1961 4186; x_wconf 89' lang='lat' dir='ltr'>nominatim,</span> 
     </span>
     <span class='ocr_line' id='line_1_25' title="bbox 336 4196 1963 4318; baseline -0.001 -32"><span class='ocrx_word' id='word_1_205' title='bbox 336 4231 384 4288; x_wconf 90' lang='lat' dir='ltr'>ne</span> <span class='ocrx_word' id='word_1_206' title='bbox 415 4198 567 4318; x_wconf 91' lang='lat' dir='ltr'>quando</span> <span class='ocrx_word' id='word_1_207' title='bbox 598 4228 782 4316; x_wconf 88' lang='lat' dir='ltr'>perversu</span> <span class='ocrx_word' id='word_1_208' title='bbox 813 4199 999 4286; x_wconf 89' lang='lat' dir='ltr'>intellectu</span> <span class='ocrx_word' id='word_1_209' title='bbox 1029 4200 1226 4286; x_wconf 89' lang='lat' dir='ltr'>successio</span> <span class='ocrx_word' id='word_1_210' title='bbox 1256 4196 1465 4284; x_wconf 89' lang='lat' dir='ltr'>mortalium</span> <span class='ocrx_word' id='word_1_211' title='bbox 1487 4198 1637 4284; x_wconf 90' lang='lat' dir='ltr'>sinistra</span> <span class='ocrx_word' id='word_1_212' title='bbox 1657 4197 1963 4315; x_wconf 88' lang='lat' dir='ltr'>interpretatione</span> 
     </span>
    </p>
   </div>
   <div class='ocr_carea' id='block_1_9' title="bbox 234 4459 1961 4970">
    <p class='ocr_par' dir='ltr' id='par_1_9' title="bbox 234 4459 1961 4970">
     <span class='ocr_line' id='line_1_26' title="bbox 234 4459 1961 4548; baseline 0 -22"><span class='ocrx_word' id='word_1_213' title='bbox 234 4521 237 4526; x_wconf 90' lang='lat'>.</span> <span class='ocrx_word' id='word_1_214' title='bbox 437 4466 479 4548; x_wconf 71' lang='lat'>(¹)</span> <span class='ocrx_word' id='word_1_215' title='bbox 507 4465 653 4532; x_wconf 84' lang='lat' dir='ltr'>Etohulo</span> <span class='ocrx_word' id='word_1_216' title='bbox 667 4463 904 4531; x_wconf 81' lang='lat' dir='ltr'>confirmationis</span> <span class='ocrx_word' id='word_1_217' title='bbox 923 4463 1108 4547; x_wconf 77' lang='lat' dir='ltr'>sigismundi</span> <span class='ocrx_word' id='word_1_218' title='bbox 1131 4464 1153 4527; x_wconf 93' lang='lat' dir='ltr'>l.</span> <span class='ocrx_word' id='word_1_219' title='bbox 1175 4463 1268 4547; x_wconf 81' lang='lat' dir='ltr'>Regis</span> <span class='ocrx_word' id='word_1_220' title='bbox 1286 4459 1448 4537; x_wconf 83' lang='lat' dir='ltr'>Polouiae,</span> <span class='ocrx_word' id='word_1_221' title='bbox 1471 4481 1551 4527; x_wconf 88' lang='lat' dir='ltr'>anno</span> <span class='ocrx_word' id='word_1_222' title='bbox 1568 4462 1772 4528; x_wconf 71' lang='lat' dir='ltr'>lolintona</span> <span class='ocrx_word' id='word_1_223' title='bbox 1791 4482 1886 4527; x_wconf 86' lang='lat' dir='ltr'>mens.</span> <span class='ocrx_word' id='word_1_224' title='bbox 1899 4461 1961 4526; x_wconf 87' lang='lat' dir='ltr'>Do·</span> 
     </span>
     <span class='ocr_line' id='line_1_27' title="bbox 337 4545 1961 4634; baseline -0.005 -17"><span class='ocrx_word' id='word_1_225' title='bbox 337 4550 468 4617; x_wconf 76' lang='lat' dir='ltr'>cambris</span> <span class='ocrx_word' id='word_1_226' title='bbox 483 4549 648 4634; x_wconf 83' lang='lat' dir='ltr'>impertita,</span> <span class='ocrx_word' id='word_1_227' title='bbox 670 4557 701 4616; x_wconf 85' lang='lat' dir='ltr'>et</span> <span class='ocrx_word' id='word_1_228' title='bbox 715 4550 745 4614; x_wconf 94' lang='lat' dir='ltr'>in</span> <span class='ocrx_word' id='word_1_229' title='bbox 760 4550 836 4614; x_wconf 90' lang='lat' dir='ltr'>lihro</span> <span class='ocrx_word' id='word_1_230' title='bbox 851 4546 926 4612; x_wconf 69' lang='lat'>73⁰⁰</span> <span class='ocrx_word' id='word_1_231' title='bbox 940 4547 1080 4612; x_wconf 86' lang='lat' dir='ltr'>tabularii</span> <span class='ocrx_word' id='word_1_232' title='bbox 1093 4547 1167 4630; x_wconf 78' lang='lat' dir='ltr'>regii</span> <span class='ocrx_word' id='word_1_233' title='bbox 1182 4546 1389 4613; x_wconf 87' lang='lat' dir='ltr'>Varsaviensis</span> <span class='ocrx_word' id='word_1_234' title='bbox 1403 4546 1494 4630; x_wconf 78' lang='lat' dir='ltr'>vulgo</span> <span class='ocrx_word' id='word_1_235' title='bbox 1509 4547 1649 4633; x_wconf 60' lang='lat' dir='ltr'>demta</span> <span class='ocrx_word' id='word_1_236' title='bbox 1662 4545 1810 4610; x_wconf 70' lang='lat' dir='ltr'>sorum</span> <span class='ocrx_word' id='word_1_237' title='bbox 1824 4545 1895 4611; x_wconf 87' lang='lat' dir='ltr'>dieti</span> <span class='ocrx_word' id='word_1_238' title='bbox 1908 4545 1961 4612; x_wconf 87' lang='lat' dir='ltr'>iol.</span> 
     </span>
     <span class='ocr_line' id='line_1_28' title="bbox 337 4629 1961 4732; baseline -0.002 -32"><span class='ocrx_word' id='word_1_239' title='bbox 337 4634 399 4702; x_wconf 78' lang='lat' dir='ltr'>att</span> <span class='ocrx_word' id='word_1_240' title='bbox 414 4653 498 4720; x_wconf 88' lang='lat' dir='ltr'>seqq.</span> <span class='ocrx_word' id='word_1_241' title='bbox 514 4636 671 4732; x_wconf 82' lang='lat' dir='ltr'>descripto,</span> <span class='ocrx_word' id='word_1_242' title='bbox 685 4632 740 4698; x_wconf 85' lang='lat' dir='ltr'>sod</span> <span class='ocrx_word' id='word_1_243' title='bbox 755 4631 913 4718; x_wconf 85' lang='lat' dir='ltr'>permultis</span> <span class='ocrx_word' id='word_1_244' title='bbox 928 4640 1063 4698; x_wconf 83' lang='lat' dir='ltr'>scatente</span> <span class='ocrx_word' id='word_1_245' title='bbox 1077 4629 1203 4696; x_wconf 79' lang='lat' dir='ltr'>mendis.</span> <span class='ocrx_word' id='word_1_246' title='bbox 1231 4631 1280 4696; x_wconf 84' lang='lat' dir='ltr'>De</span> <span class='ocrx_word' id='word_1_247' title='bbox 1294 4629 1472 4697; x_wconf 81' lang='lat' dir='ltr'>fundatione</span> <span class='ocrx_word' id='word_1_248' title='bbox 1487 4629 1662 4697; x_wconf 82' lang='lat' dir='ltr'>monosterii</span> <span class='ocrx_word' id='word_1_249' title='bbox 1676 4629 1961 4712; x_wconf 70' lang='lat' dir='ltr'>llrnylanoviosnsio</span> 
     </span>
     <span class='ocr_line' id='line_1_29' title="bbox 338 4715 964 4804; baseline -0.005 -21"><span class='ocrx_word' id='word_1_250' title='bbox 338 4719 462 4784; x_wconf 84' lang='lat' dir='ltr'>videsis</span> <span class='ocrx_word' id='word_1_251' title='bbox 477 4718 629 4804; x_wconf 79' lang='lat' dir='ltr'>lllugussri</span> <span class='ocrx_word' id='word_1_252' title='bbox 644 4719 711 4784; x_wconf 86' lang='lat' dir='ltr'>lihr.</span> <span class='ocrx_word' id='word_1_253' title='bbox 726 4718 793 4784; x_wconf 80' lang='lat' dir='ltr'>Vll.</span> <span class='ocrx_word' id='word_1_254' title='bbox 809 4736 877 4802; x_wconf 79' lang='lat' dir='ltr'>pag.</span> <span class='ocrx_word' id='word_1_255' title='bbox 892 4715 964 4782; x_wconf 76' lang='lat' dir='ltr'>tol.</span> 
     </span>
     <span class='ocr_line' id='line_1_30' title="bbox 440 4793 1961 4888; baseline -0.002 -21"><span class='ocrx_word' id='word_1_256' title='bbox 440 4801 481 4884; x_wconf 76' lang='lat'>(²)</span> <span class='ocrx_word' id='word_1_257' title='bbox 510 4803 745 4888; x_wconf 74' lang='lat' dir='ltr'>llrzyioooruo‘re</span> <span class='ocrx_word' id='word_1_258' title='bbox 757 4802 824 4867; x_wconf 89' lang='lat' dir='ltr'>villu</span> <span class='ocrx_word' id='word_1_259' title='bbox 841 4799 1019 4885; x_wconf 86' lang='lat' dir='ltr'>parochialis</span> <span class='ocrx_word' id='word_1_260' title='bbox 1035 4799 1072 4864; x_wconf 88' lang='lat' dir='ltr'>ad</span> <span class='ocrx_word' id='word_1_261' title='bbox 1087 4800 1198 4865; x_wconf 85' lang='lat' dir='ltr'>Nidonn</span> <span class='ocrx_word' id='word_1_262' title='bbox 1212 4799 1308 4865; x_wconf 92' lang='lat' dir='ltr'>rivum</span> <span class='ocrx_word' id='word_1_263' title='bbox 1321 4799 1389 4876; x_wconf 85' lang='lat' dir='ltr'>sita,</span> <span class='ocrx_word' id='word_1_264' title='bbox 1403 4796 1611 4882; x_wconf 83' lang='lat' dir='ltr'>Stnpnioonsis</span> <span class='ocrx_word' id='word_1_265' title='bbox 1620 4793 1765 4860; x_wconf 83' lang='lat' dir='ltr'>territorii</span> <span class='ocrx_word' id='word_1_266' title='bbox 1777 4796 1961 4882; x_wconf 75' lang='lat' dir='ltr'>etrogionio.</span> 
     </span>
     <span class='ocr_line' id='line_1_31' title="bbox 440 4878 1850 4970; baseline -0.005 -18"><span class='ocrx_word' id='word_1_267' title='bbox 440 4885 479 4968; x_wconf 82' lang='lat'>(³)</span> <span class='ocrx_word' id='word_1_268' title='bbox 507 4887 543 4952; x_wconf 91' lang='lat' dir='ltr'>ln</span> <span class='ocrx_word' id='word_1_269' title='bbox 557 4887 637 4952; x_wconf 89' lang='lat' dir='ltr'>libro</span> <span class='ocrx_word' id='word_1_270' title='bbox 651 4885 791 4950; x_wconf 88' lang='lat' dir='ltr'>tabularii</span> <span class='ocrx_word' id='word_1_271' title='bbox 806 4903 964 4970; x_wconf 83' lang='lat' dir='ltr'>perperam</span> <span class='ocrx_word' id='word_1_272' title='bbox 979 4885 1105 4950; x_wconf 84' lang='lat' dir='ltr'>verbum</span> <span class='ocrx_word' id='word_1_273' title='bbox 1120 4884 1272 4960; x_wconf 78' lang='lat' dir='ltr'>„novuler”</span> <span class='ocrx_word' id='word_1_274' title='bbox 1287 4882 1451 4969; x_wconf 83' lang='lat' dir='ltr'>proverbe</span> <span class='ocrx_word' id='word_1_275' title='bbox 1466 4879 1618 4960; x_wconf 65' lang='lat' dir='ltr'>„nooaid&#39;</span> <span class='ocrx_word' id='word_1_276' title='bbox 1632 4878 1778 4965; x_wconf 89' lang='lat' dir='ltr'>scriptum</span> <span class='ocrx_word' id='word_1_277' title='bbox 1793 4888 1850 4946; x_wconf 84' lang='lat' dir='ltr'>ost.</span> 
     </span>
    </p>
   </div>
   <div class='ocr_carea' id='block_1_10' title="bbox 0 0 2405 5924">
    <p class='ocr_par' dir='ltr' id='par_1_10' title="bbox 0 0 2405 5924">
     <span class='ocr_line' id='line_1_32' title="bbox 0 0 2405 5924; baseline 0 0"><span class='ocrx_word' id='word_1_278' title='bbox 0 0 2405 5924; x_wconf 95' lang='lat' dir='ltr'> </span> 
     </span>
    </p>
   </div>
  </div>
 </body>
</html>
