4918 5926
954 741 960 751 -
1098 695 1416 770 -1'tt-,

421 898 547 986 lanum
569 900 682 989 eastri
702 898 935 1001 Brastensis,
967 927 1035 984 seu
1055 897 1166 987 alium
1197 899 1259 1014 qui
1279 911 1444 985 castrum
1464 895 1585 1012 ipsum
1605 895 1754 984 nomine
1775 895 1914 986 domini
1933 898 2043 988 Pauli

419 1017 578 1134 predicti
610 1017 763 1120 tenebit,
795 1012 1000 1102 seeundum
1031 1016 1088 1102 ius
1120 1025 1230 1100 terre.
1281 1013 1373 1100 Item
1404 1012 1453 1100 hii
1484 1014 1546 1129 qui
1575 1013 1776 1102 manebunt
1805 1015 1841 1100 in
1873 1017 2041 1122 civitate,

334 1223 338 1232 ,
418 1133 599 1251 plancaro
628 1145 801 1251 potarunt
832 1133 1016 1220 civitatem
1049 1133 1169 1248 ipsam
1200 1131 1296 1220 siout
1325 1132 1562 1248 inceperunt,
1593 1144 1631 1218 et
1650 1133 1938 1250 propugnacula
1969 1164 2042 1252 que

279 1303 284 1312 -
326 1267 330 1282 “
418 1253 651 1338 anteluerunt
670 1277 860 1368 reparare,
881 1251 932 1337 ita
951 1263 1087 1356 tamen,
1108 1249 1211 1366 quod
1232 1248 1368 1336 nullum
1385 1250 1551 1366 ipsorum
1568 1264 1695 1337 castro
1712 1249 1820 1338 altius
1835 1251 2040 1339 extollatur.

418 1365 593 1455 Similiter
613 1367 660 1454 hii
681 1369 799 1484 quiin
821 1383 946 1456 castro
969 1383 1086 1472 erunt,
1106 1367 1206 1454 nulla
1226 1397 1325 1454 nova
1342 1365 1519 1454 edificare
1540 1365 1577 1454 in
1593 1379 1857 1456 nocumentum
1873 1369 2042 1472 civitatis,
2102 1367 2109 1382 ’

417 1485 487 1574 sed
509 1517 554 1573 aa
602 1517 648 1572 ua
668 1497 755 1574 ante
775 1488 933 1592 luerunt,
955 1497 1128 1602 poterunt
1148 1483 1360 1572 emendare.
1395 1482 1623 1572 Ordinamus
1640 1485 1771 1591 eciam,
1794 1484 1895 1604 quod
1912 1486 2054 1574 milites.

416 1603 478 1721 qui
497 1602 546 1690 da
566 1517 727 1691 dolona
748 1617 916 1720 ternpore
936 1631 1076 1720 guerre
1098 1602 1341 1690 Brestensem
1364 1603 1548 1688 civitatem
1570 1602 1809 1708 intraverunt,
1832 1605 1892 1722 qui
1905 1633 2041 1720 paoem

415 1719 622 1838 predictam
643 1722 848 1808 observare
863 1719 1057 1825 voluerint,
1078 1719 1288 1836 ubicunque
1308 1718 1410 1806 buna
1431 1718 1570 1806 habent
1591 1719 1627 1805 in
1647 1719 1818 1826 Palania,
1840 1750 1887 1809 aa
1908 1739 2043 1810 secure

416 1853 453 1926 et
474 1838 588 1924 libera
609 1838 771 1926 debeant
791 1835 1001 1956 possidere.
1052 1837 1226 1924 Similiter
1246 1835 1314 1941 illi,
1344 1837 1406 1952 qui
1427 1833 1476 1922 de
1496 1836 1646 1928 civitate
1666 1867 1733 1925 seu
1755 1833 1802 1924 de
1824 1852 1924 1924 terra
1943 1838 2042 1926 Bre-

416 1957 533 2044 stensi
554 1970 719 2044 castrum
740 1985 879 2075 guerra
900 1969 1068 2070 tempore
1089 1956 1328 2061 intraverunt,
1359 1969 1397 2042 et
1417 1951 1548 2042 Olrico
1569 1953 1619 2040 de
1639 1955 1843 2048 Pascovitz
1864 1970 2040 2075 tanquam
2069 2039 2078 2048 .

413 2087 503 2160 tunc
523 2074 729 2190 Capitoneo
750 2074 953 2162 adeserunt
973 2073 1066 2184 (sio),
1087 2103 1221 2190 pacem
1242 2071 1504 2177 omnimodam,
1525 2088 1599 2160 tam
1620 2073 1656 2158 in
1677 2103 1719 2160 se
1740 2101 1854 2190 quam
1873 2074 1910 2161 in
1930 2074 2039 2162 bonis

249 2273 257 2290 ,
414 2193 493 2278 suis
513 2190 675 2278 debeant
696 2191 874 2278 obtinere.
912 2189 1002 2304 Quo
1023 2192 1146 2278 omnia
1168 2202 1205 2275 et
1226 2189 1373 2309 singula
1394 2189 1612 2307 supradicta
1632 2189 1890 2280 inviolabiliter
1912 2191 2039 2281 obser·

415 2337 509 2395 uare
528 2311 784 2426 promittimus,
806 2323 843 2396 et
863 2307 912 2396 ad
933 2305 1008 2396 hoc
1027 2339 1099 2396 nos
1121 2322 1250 2396 tenore
1271 2309 1507 2442 presencium
1529 2308 1752 2444 alligamus.
1793 2307 1836 2396 ln
1859 2309 1965 2398 ouius
1985 2309 2039 2398 rei
2180 2331 2188 2344 ·

412 2427 670 2530 testimonium,
691 2441 888 2542 presentes
904 2425 1045 2512 litteras
1060 2425 1140 2513 fieri
1162 2441 1199 2514 et
1213 2426 1322 2544 sigilli
1339 2426 1454 2514 nostri
1472 2456 1670 2513 munrmrne
1685 2425 1841 2514 lecimus
1857 2427 2040 2516 roborari.

410 2543 548 2630 Actum
569 2545 606 2629 in
628 2551 778 2630 floron
797 2545 834 2630 in
855 2542 970 2630 domo
991 2542 1149 2630 Plobani
1169 2542 1331 2630 ecclesie
1357 2545 1476 2631 sancti
1506 2542 1708 2648 lobannis,
1740 2543 1775 2630 in
1798 2543 1859 2630 die
1879 2573 2039 2632 conver-

411 2660 528 2747 sionis
558 2660 657 2750 beati
688 2661 815 2765 Pauli,
846 2690 946 2746 anno
977 2659 1115 2747 domini
1145 2659 1213 2748 lll⁰.
1237 2659 1363 2748 aad.
1384 2659 1466 2749 Vl⁰.
1498 2661 1744 2750 Praesentibus
1763 2661 2039 2767 venerabilibus

438 2777 598 2880 utribus,
632 2776 809 2866 dominis:
842 2776 1055 2865 Gerwardo
1082 2776 1370 2866 Vladislaviensi
1397 2794 1435 2865 et
1453 2779 1568 2866 lratra
1594 2777 1814 2866 Hermarmo
1846 2778 2040 2868 Gulmensi

408 2807 623 3012 Episcopim
645 2896 730 2984 item
746 2895 1027 2984 honorabilibus
1043 2896 1141 2998 viriS,
1163 2896 1346 2984 fratribus:
1368 2895 1548 2984 Cunrado
1568 2893 1757 3015 Magistro
1774 2911 1873 2984 terro
1887 2893 2037 3004 Prusia,

408 3009 576 3102 Henrico
598 3013 647 3102 de
668 3013 806 3130 Dobyn
826 3014 1082 3118 Thorunensi,
1101 3011 1258 3102 Hinrico
1280 3013 1328 3100 de
1349 3015 1502 3132 antiquo
1523 3013 1709 3120 Culmine,
1730 3011 1968 3102 Theoderico
1989 3013 2039 3102 de

408 3128 674 3244 Betiptow(⁵)‚
703 3129 860 3219 Hinrico
882 3130 930 3220 dc
949 3129 1170 3243 Nessowtt)
1192 3128 1579 3236 Commendatoribus,
1609 3129 1728 3219 Patro
1748 3130 2036 3220 Vioeoommen·

409 3245 781 3365 datoreprovinoiali
802 3263 839 3337 et
859 3249 969 3338 Gallo
990 3247 1039 3338 do
1059 3245 1323 3362 Bohemiall),
1345 3263 1382 3338 et
1401 3249 1481 3338 aliis
1503 3279 1614 3368 quam
1634 3247 1802 3366 pluribus
1821 3247 2034 3368 fidedignis.

516 3570 529 3608 ⁵
569 3567 658 3666 Nunc
671 3564 1022 3666 Br'rplcu1Gormauls,·o
1046 3566 1149 3667 pidum
1163 3565 1266 3665 tribus
1279 3566 1398 3634 circiter
1412 3565 1557 3664 milliariis
1574 3587 1594 3663 a
1609 3565 1742 3665 ljorunia
1757 3565 1884 3665 distant.
1995 3651 2001 3664 .

403 3707 415 3746 '.
458 3732 465 3746 ·
505 3565 541 3747 lffl
569 3649 726 3749 quszowo
739 3651 885 3737 oppidum
900 3652 997 3736 llognr
1012 3587 1159 3720 dolonn
1175 3651 1215 3732 ad
1229 3652 1380 3718 Vrstulam
1395 3658 1503 3730 arturo,
1524 3650 1710 3737 GuJurreosn
1725 3659 1887 3729 territorii,
1908 3649 2036 3718 lladna·

403 3754 548 3901 Jomnlll
563 3754 810 3886 rlliiliiiillituras
826 3820 962 3905 proxime
977 3819 1193 3904 praecedentes
1209 3819 1438 3935 annotationum
1452 3826 1601 3905 quartam.
1716 3869 1720 3876 -
