4788 5926
1100 738 1349 834 ..78-

409 941 587 1060 temporis
625 939 788 1026 decursu
824 940 870 1024 in
897 937 1117 1028 oblivionem
1137 937 1318 1022 ‘adducta
1355 952 1495 1054 queant
1529 935 1630 1052 apud
1665 953 1841 1056 posteros
1877 941 1952 1056 pati
1988 971 2037 1026 ex

409 1060 650 1180 ambiguitate
671 1057 880 1160 discrimen,
903 1055 1016 1174 digne
1037 1057 1159 1140 solent
1180 1069 1399 1172 perpetuata
1417 1085 1479 1140 res
1497 1057 1821 1142 instrumentorum
1839 1060 2037 1146 munimine
2060 1107 2063 1110 ·

410 1207 493 1262 cum
516 1167 761 1290 expressione
782 1175 927 1268 testiurn
944 1175 1153 1287 perennari.
1187 1171 1287 1259 Hinc
1303 1189 1371 1278 est,
1394 1170 1496 1290 quod
1514 1171 1811 1260 nosBoleslaus
1827 1172 1888 1260 dei
1903 1179 2034 1294 gracia

411 1294 675 1380 Cracoviensis
705 1287 743 1377 et
773 1291 1090 1377 Sendnmiriensis
1122 1291 1229 1375 Dux:
1265 1291 1449 1377 universis
1483 1288 1622 1376 Christi
1652 1289 1828 1377 fidelibus¹
1856 1294 1892 1378 in
1925 1297 2035 1380 omne

410 1412 575 1514 seculum
607 1439 773 1528 presens
797 1410 938 1525 pariter
969 1424 1008 1494 et
1023 1411 1200 1494 futurum·
1216 1408 1451 1523 presentibus
1471 1399 1626 1493 lemnus
1647 1409 1900 1516 manifestum,
1928 1410 2035 1529 quod

408 1559 479 1646 pro
500 1529 804 1616 remedialeliois
826 1529 949 1612 anime
970 1528 1086 1643 petris
1109 1527 1225 1612 nostri
1246 1525 1346 1612 clare
1374 1528 1552 1612 memorie
1583 1526 1733 1612 illustris
1767 1525 2036 1616 Cracoviensis

409 1664 445 1732 et
465 1646 782 1732 Sandomiriensis
813 1645 927 1730 [lucis
948 1643 1134 1730 Lesconis
1155 1662 1193 1730 et
1212 1644 1469 1730 incolumitate
1485 1653 1634 1748 nostra,
1667 1658 1703 1731 et
1723 1661 1858 1731 nostre.
1872 1647 2035 1762 ingenue
2147 1685 2154 1696 ·

408 1766 601 1884 genitricis
632 1763 876 1868 Grimislave,
913 1776 949 1848 et
981 1762 1228 1879 Cunegundis
1261 1779 1389 1848 nostre
1420 1791 1610 1880 generose
1639 1764 1850 1868 consortis,
1885 1794 2037 1880 semper

407 1896 661 2000 preponentes
692 1881 802 1966 deum
834 1882 871 1965 in
903 1896 1107 1997 conspectu
1139 1893 1290 1983 nostro,
1322 1909 1442 1997 aquo
1464 1879 1646 1967 babemus
1672 1879 1772 1996 quod
1793 1882 1969 1985 vivinms‚
2001 1897 2038 1967 et

408 2001 650 2118 paternorum
677 1999 946 2115 principatuum
968 1986 1228 2116 gubernacula
1249 1996 1508 2114 possidemus²
1539 2012 1756 2105 constructo
1777 2028 1844 2112 per
1865 2029 1956 2102 nos,
1988 1998 2037 2083 de

409 2146 602 2205 consensu
632 2116 824 2203 illustrium
852 2118 1057 2234 principum
1083 2119 1237 2202 lretrum
1258 2121 1490 2218 nostrorum,
1520 2114 1693 2202 Casimiri
1723 2115 1980 2232 Lanciciensis
2001 2131 2038 2204 et

394 2235 648 2351 ‘Cujaviensis
680 2248 717 2318 et
747 2235 926 2320 Semoviti
958 2235 1135 2338 Manavia
1166 2235 1333 2338 Ducum,
1366 2248 1402 2318 et
1421 2233 1645 2320 venerabilis
1671 2228 1786 2348 patris
1816 2233 2036 2320 Prandothe

406 2351 588 2470 Episcopi
612 2353 887 2457 Cracoviensis
910 2347 1077 2440 necnon
1099 2367 1135 2438 et
1156 2350 1203 2437 de
1225 2353 1346 2438 tocius
1367 2351 1538 2437 Ducatus
1559 2351 1677 2437 nostri
1698 2380 1888 2436 consensu
1911 2351 2035 2437 Baro.

408 2501 505 2571 num,
526 2471 680 2557 lundata
703 2487 736 2556 et
754 2486 971 2557 constructo
988 2471 1216 2556 monasterio
1235 2469 1375 2556 ordinis
1397 2471 1538 2556 Sancte
1561 2468 1674 2554 Clare
1694 2469 1729 2553 in
1746 2467 1886 2586 oppido
1904 2484 2036 2555 nostro

408 2585 781 2695 auctomento),
809 2617 878 2702 pro
901 2589 1179 2682 sustentacione
1211 2615 1383 2670 sororum
1415 2584 1583 2698 ejusdem
1606 2584 1746 2672 ordinis
1761 2588 1888 2701 ipsum
1910 2615 2037 2674 mona-

409 2704 561 2787 sterium
591 2703 785 2815 presidiis‚
827 2701 1093 2813 proventibus
1135 2731 1203 2784 seu
1236 2698 1522 2783 immunitatibus
1560 2699 1833 2817 infrascriptis
1865 2702 2036 2792 duximus

409 2817 626 2904 dotandum.
680 2815 913 2902 Contulimus
941 2815 1123 2932 siquidem
1153 2815 1274 2902 eidem
1305 2817 1533 2901 monasterio
1566 2814 1672 2906 villas
1703 2820 1798 2904 inira
1829 2822 2036 2906 nominatas

410 2965 493 3022 cum
517 2934 689 3021 omnibus
710 2935 788 3019 suis
811 2933 1023 3020 utilitatibus
1052 2934 1365 3051 etpertinenciis,
1397 2931 1616 3019 molendinis
1636 2933 1830 3040 videlicet,
1864 2938 2035 3043 tabernis

408 3084 481 3170 que
503 3083 602 3138 nunc
623 3065 710 3138 sunt
730 3067 767 3138 et
787 3067 895 3137 erunt
916 3054 950 3137 in
972 3065 1175 3169 posterum,
1199 3068 1341 3138 etcum
1362 3053 1488 3170 pratis,
1509 3051 1736 3159 nemoribus,
1758 3055 2036 3172 piscacionibus

318 3257 320 3262 ,
410 3185 447 3255 et
459 3171 725 3266 venationibus
746 3184 936 3256 castorum
958 3185 994 3256 et
1014 3170 1168 3256 aliarum
1190 3170 1405 3275 bestiarum,
1427 3185 1463 3256 et
1484 3170 1515 3256 si
1537 3196 1610 3282 que
1630 3170 1701 3257 alie
1721 3186 1807 3258 sunt
1828 3173 2035 3260 commodi·
2124 3275 2126 3278 Ι

305 3317 339 3368 ’,
408 3304 504 3374 tates
540 3288 823 3398 quibuscunque
859 3287 1068 3376 nominibus
1106 3301 1332 3394 censentur3
1375 3289 1495 3404 ipsum
1532 3285 1676 3374 scilicet
1711 3296 1920 3374 Zawe'ctost
1947 3292 2036 3405 jure

408 3403 640 3494 Tbeutonico
662 3405 823 3491 locatum
846 3436 929 3492 cum
953 3406 1163 3494 utilitatibus
1189 3419 1225 3494 et
1246 3406 1453 3524 piscatione
1472 3405 1603 3511 Viste,
1635 3408 1741 3523 cujus
1763 3407 1907 3494 termini
1928 3425 2036 3494 erunt

410 3783 526 3856 nerent,
536 3775 709 3862 saepissime
719 3775 867 3841 locavero
879 3779 1038 3862 etpropria
1048 3777 1345 3842 coercebant-tan
1357 3797 1435 3841 anno
1448 3776 1713 3855 momentaneum
1723 3773 1871 3842 Pudicam
1882 3774 2035 3863 ptochium

277 3863 280 3872 ’
409 3871 440 3927 et
452 3862 661 3926 nosocomium
675 3859 881 3928 Zevicbostiae
894 3862 931 3925 ad
944 3882 1032 3926 usum
1047 3862 1220 3924 monasterii
1233 3861 1347 3924 ordinis
1365 3861 1540 3945 Paoperum
1555 3861 1757 3925 Dominarum
1773 3859 1879 3925 Sancti
1892 3859 2039 3926 Damiaai

407 3948 521 4019 naiso)
537 3946 622 4031 cujus
638 3944 730 4011 aedes
744 3953 817 4010 tunc
833 3943 973 4010 inhoatne
989 3953 1087 4020 erant,
1109 3945 1288 4020 condidisse,
1303 3944 1329 4007 ei
1354 3964 1392 4006 ue
1408 3967 1467 4009 non
1484 3965 1580 4030 pauca
1594 3947 1675 4010 bona
1689 3945 1830 4026 donasse,
1845 3946 2034 4030 privilegium

409 4051 463 4092 nos
484 4031 574 4095 docet
591 4051 670 4094 enno
686 4031 795 4097 eodem
814 4030 894 4094 1255
910 4027 1015 4094 dielb
1032 4051 1111 4092 rnen.
1133 4028 1242 4110 Aprilis
1258 4028 1345 4092 Zevic
1370 4028 1464 4094 ostiae
1481 4030 1682 4113 impertitum,
1705 4030 1744 4095 ab
1759 4028 1934 4095 Alexandro
1952 4033 2034 4113 Papa

409 4115 458 4176 tv.
472 4114 579 4179 eodem
591 4135 669 4179 anno
682 4116 905 4195 confirmatum,
921 4122 951 4180 ct
967 4115 994 4177 in
1012 4112 1363 4176 BaliaricFranc'scano
1378 4113 1464 4178 loen.
1481 4115 1572 4197 Hyac.
1589 4113 1749 4178 Sbaraleae
1764 4113 1799 4178 T.
1814 4115 1852 4179 ll.
1869 4113 1919 4178 rot.
1935 4114 1975 4178 65
1991 4133 2035 4198 sq.
2163 4173 2170 4184 .

409 4197 487 4281 typis
499 4197 696 4280 descriptum.
723 4199 915 4282 Privilegium
929 4199 997 4276 boc,
1013 4218 1106 4282 quum
1124 4217 1231 4280 niagno
1247 4198 1292 4259 sui
1309 4205 1393 4275 parte
1409 4219 1477 4262 cum
1494 4198 1592 4263 verbis
1605 4205 1726 4262 nostrae
1738 4201 1806 4262 anni
1822 4199 1902 4262 laet
1912 4198 2035 4263 tabulae

409 4280 565 4356 concinat,
584 4283 612 4343 in
623 4304 692 4345 euin
709 4305 846 4350 errorem
863 4282 1106 4349 Naroszcvicium
1123 4282 1282 4346 induxerat
1297 4281 1340 4361 (T.
1356 4281 1391 4344 V.
1407 4303 1433 4366 p.
1449 4283 1520 4356 314,
1537 4289 1607 4346 cota
1626 4281 1706 4363 lta),
1720 4290 1755 4346 ut
1770 4283 1913 4367 privilegii
1928 4281 2035 4347 luode-

408 4365 500 4431 tionis
515 4365 654 4430 caenobii
669 4367 817 4450 virginum
833 4369 946 4434 ordinis
962 4369 1090 4434 Sanctae
1105 4367 1211 4433 Clarae
1224 4366 1483 4432 confirmationem
1500 4366 1717 4449 pontificalem,
1733 4367 1887 4449 praedicto
1903 4367 2035 4432 bullario

409 4451 558 4517 contineri
571 4447 715 4515 crederet
733 4451 830 4514 lucas
843 4451 1026 4537 Waddinpae
1037 4452 1199 4524 Hibernae,
1210 4451 1261 4536 qui
1274 4451 1303 4514 in
1317 4452 1483 4516 Annalibus
1493 4451 1649 4515 Multorum
1661 4450 1706 4533 (T.
1717 4451 1768 4517 tv.
1782 4473 1807 4535 p.
1818 4452 1860 4516 99
1872 4460 1898 4526 S„
1908 4449 2035 4534 xxva)

409 4535 449 4600 da
469 4535 619 4600 coenobio
641 4535 967 4616 sacrarumvirginum
992 4537 1116 4604 Ordinis
1139 4537 1197 4601 siae
1220 4537 1326 4600 Clarae
1348 4536 1552 4601 Zavicbostiae
1573 4535 1696 4602 condito
1717 4543 1751 4600 et
1770 4537 1812 4602 25
1834 4535 1908 4602 villis
1930 4535 2036 4600 dotato

409 4618 520 4694 refert,
551 4620 732 4684 narrationis
754 4639 828 4684 suae
855 4619 979 4683 Petrum
1004 4619 1201 4708 Rodulpkum
1223 4630 1377 4685 auctorem
1401 4621 1520 4695 laudat,
1551 4621 1590 4684 ita
1614 4620 1700 4684 utin
1722 4621 1860 4704 ejusdem
1882 4619 2035 4704 Rodulphi

409 4702 546 4766 Hectorea
569 4705 695 4790 Serapb.
718 4705 768 4770 sol.
789 4703 849 4768 291
869 4711 1004 4769 tenorem
1021 4705 1141 4770 tabulae
1157 4713 1279 4770 nostrae
1294 4705 1441 4769 contineri
1458 4704 1519 4769 reri
1533 4703 1631 4769 simile
1645 4705 1693 4770 sit.
1729 4705 1795 4774 Nos
1809 4713 1911 4772 mmeu
1926 4705 2035 4770 librum

413 4786 577 4852 Cracoriae
594 4787 726 4854 invenire
742 4798 773 4853 et
788 4789 930 4853 indicium
948 4788 1005 4852 hcc
1020 4789 1149 4872 probare
1164 4812 1224 4853 non
1240 4790 1408 4876 potuimus:
1990 4823 1995 4834 ·

482 4887 490 4904 “
513 4869 552 4955 (²)
582 4871 649 4935 Vid.
665 4873 702 4938 ad
718 4874 851 4939 tabulam
869 4875 924 4939 Nn
938 4874 1001 4938 XL
1017 4874 1210 4957 praemissam
1228 4876 1455 4939 annotatam.
