4788 5926
1043 830 1088 841 -
1143 790 1291 864 81¹¹...

356 1020 403 1077 ac
419 989 685 1076 inhabitatores
699 988 868 1074 villarum
885 988 1185 1106 supradictamm
1202 1017 1248 1075 ea
1260 989 1428 1094 libertate
1439 1019 1560 1108 eaque
1567 992 1798 1078 immunitate
1808 990 1980 1108 gaudere

356 1109 550 1210 volumuS,
582 1123 619 1194 et
645 1113 678 1206 (t
705 1105 756 1200 ut)
777 1136 846 1222 per
866 1121 1002 1194 terram
1039 1105 1336 1194 Cracoviensem
1364 1120 1401 1191 et
1426 1106 1769 1196 Sandomiriensem
1799 1110 1981 1226 negocia-

357 1227 467 1311 tionis
499 1253 617 1310 causa
648 1238 886 1311 transeuntes
916 1226 953 1311 in
978 1224 1087 1328 bullo¹
1107 1225 1194 1311 loco
1221 1225 1433 1312 theloneum
1454 1226 1682 1342 persolvant
1736 1225 1849 1337 Quos
1871 1227 1981 1315 etiam

356 1342 586 1430 absolvimus
607 1341 656 1428 ab
677 1345 777 1429 omni
797 1345 1036 1460 prestacione
1055 1342 1232 1458 prediali‚
1264 1373 1333 1429 seu
1353 1344 1543 1458 personali
1565 1345 1824 1461 cujuscunque
1844 1374 1982 1432 census

357 1461 417 1546 vel
437 1455 579 1566 tributi,
610 1459 659 1546 ad
680 1461 847 1564 Ducem,
877 1460 1107 1567 Palatinum,
1140 1460 1411 1566 Castellanum,
1435 1461 1618 1568 dudicem,
1641 1461 1699 1550 vel
1722 1491 1982 1580 quemcunque
2053 1541 2056 1548 .
2098 1535 2111 1566 ,
2139 1547 2142 1562 ,

357 1578 467 1688 alium
488 1581 687 1695 superium
717 1579 777 1664 vel
804 1577 1063 1665 beneficiatum
1085 1579 1322 1697 pertinentis;
1352 1609 1476 1696 neque
1497 1583 1594 1666 enim
1609 1589 1809 1692 przewod,
1842 1598 1980 1681 straza,
2078 1570 2096 1646 3
2153 1664 2161 1682 ,

355 1707 640 1808 momoderate
656 1703 689 1807 t?
706 1695 942 1814 podvoueo),
962 1706 1132 1802 boramb,
1147 1707 1549 1808 torchefflorodteoe,
1572 1711 1686 1814 caput
1701 1697 1802 1816 quod
1818 1698 1982 1816 vulgari·
2012 1721 2061 1756 s
2075 1697 2094 1760 3
2138 1685 2157 1750 3
2171 1719 2234 1814 ῤ’
2271 1755 2279 1774 ,

357 1831 414 1902 ter
432 1812 724 1926 diciturptouo,
756 1830 794 1902 et
815 1813 864 1900 ab
886 1817 1122 1902 omnicausa
1148 1816 1381 1932 sanguinea,
1412 1817 1462 1900 ab
1490 1817 1590 1903 omni
1610 1817 1727 1920 lurto,
1757 1829 1795 1901 et
1816 1839 1982 1928 apowo
2026 1875 2067 1895 ‚-
2090 1819 2109 1853 *
2131 1889 2135 1898 .
2159 1819 2172 1856 ⁴
2238 1807 2259 1842 ⁴

356 1943 457 2032 lawe,
486 1961 558 2018 nec
573 1930 717 2050 aliquas
733 1963 916 2038 annonas,
937 1963 1091 2040 vaccaS,
1112 1963 1266 2050 porcos,
1283 1963 1387 2038 oves,
1410 1948 1447 2019 et
1462 1935 1592 2052 quevis
1609 1934 1994 2051 pejorat‘tpecora‘tp
2242 1959 2245 1964 ·

356 2049 429 2138 alia
448 2078 520 2164 pro
541 2051 717 2167 expensis
737 2050 932 2138 ducalibus
953 2051 1180 2168 persolvent.
1216 2049 1300 2136 Neo
1316 2053 1464 2138 nuntios
1484 2052 1544 2138 vel
1562 2053 1713 2170 legatos
1733 2050 1894 2156 Ducum,
1914 2079 1982 2136 seu

356 2165 503 2287 aliquos
522 2183 726 2255 venatores
746 2169 916 2283 recipere
938 2182 1125 2287 cogentur
1144 2168 1264 2274 inviti3
1292 2164 1520 2286 generaliter
1540 2184 1665 2257 autem
1687 2199 1819 2256 omnes
1840 2168 1982 2255 incolas

233 2315 235 2319 ·
356 2284 586 2373 absolvimus
608 2286 656 2370 ab
679 2285 852 2371 omnibus
873 2288 1131 2390 servitutibuS,
1163 2288 1332 2404 angariis
1354 2303 1390 2374 et
1411 2289 1666 2405 perangariis
1699 2288 1983 2404 quibuscunque

357 2402 564 2490 nominibus
585 2401 826 2506 denotentur,
853 2418 890 2488 et
936 2432 983 2488 ue
1004 2432 1103 2489 nunc
1123 2419 1209 2489 sunt
1229 2403 1289 2489 vel
1310 2405 1559 2520 inposterum
1580 2405 1742 2521 poterint
1762 2403 1982 2520 excogitari,

356 2523 436 2608 sive
464 2521 537 2606 sint
557 2519 766 2624 ordinaria,
797 2433 973 2606 casuales
986 2521 1080 2625 isio)
1106 2520 1406 2636 velrepentina,
1437 2519 1487 2606 ab
1508 2521 1744 2608 edificatione
1770 2534 1983 2606 castrorum

355 2638 413 2726 vel
432 2638 679 2755 reparatione,
697 2653 734 2723 et
749 2636 797 2723 ab
815 2638 913 2722 omni
931 2637 1242 2754 expeditionevel
1260 2640 1425 2724 exercitu
1443 2640 1547 2753 ipsos
1563 2637 1981 2753 penitus-absolventes.

358 2756 433 2870 Qui
466 2755 585 2840 eciam
613 2755 734 2858 incole
762 2757 935 2842 conventi
965 2786 1093 2842 coram
1116 2756 1223 2841 nobis
1245 2785 1361 2871 super
1382 2755 1667 2875 quibuscunque
1688 2755 1813 2840 causis
1834 2753 1895 2840 vel
1915 2784 1982 2838 ne·

292 2951 300 2960 .
356 2875 500 2994 gemb,
530 2872 597 2958 'vel
629 2904 757 2971 coram
788 2873 913 2990 aliquo
944 2873 1140 2978 Palatino,
1177 2873 1394 2960 Castellano
1424 2889 1463 2960 et
1492 2875 1626 2990 quovis
1657 2871 1730 2958 ato
1761 2870 1896 2958 Judioe
1924 2869 1985 2959 vel

358 2990 525 3093 officiali,
557 2989 778 3106 comparere
799 2992 858 3080 vel
879 2989 1112 3104 respondere
1134 3021 1208 3076 nou
1229 3005 1435 3106 teneantur,
1457 2992 1527 3078 sed
1550 3021 1703 3078 suorum
1725 2986 1982 3078 tantummodo

356 3123 545 3194 rectorum
562 3105 703 3222 judicio
724 3109 796 3194 sint
816 3107 983 3222 subjecti.
1019 3107 1071 3192 Ut
1086 3123 1209 3194 autem
1227 3109 1313 3194 nulli
1328 3108 1444 3214 alteri,
1466 3108 1536 3195 sed
1553 3109 1623 3197 soli
1639 3108 1738 3194 dicto
1754 3107 1984 3194 monasterio

357 3241 394 3312 et
424 3223 619 3312 sororibus
650 3225 914 3342 suprascriptis
944 3227 1088 3341 prelate
1108 3225 1203 3330 ville,
1235 3254 1331 3342 quas
1360 3228 1469 3313 etiam
1489 3229 1576 3344 jure
1607 3227 1840 3341 Tbeutonicc
1865 3227 1984 3311 locari

356 3342 615 3444 concedimus,
645 3371 728 3427 oum
752 3343 922 3429 omnibus
944 3345 1021 3430 'suis
1043 3343 1257 3430 utilitatibus
1278 3344 1505 3449 deserviant,
1527 3362 1563 3431 et
1583 3345 1632 3430 ad
1655 3346 1775 3462 ipsum
1798 3357 1985 3429 monaste-

356 3462 450 3546 rium
471 3460 583 3574 pleno
597 3461 684 3575 jure
703 3462 930 3574 pertineant,
962 3460 1219 3564 decernimus,
1252 3477 1291 3546 ut
1311 3477 1479 3546 rectores
1499 3462 1667 3546 villarum
1691 3459 1895 3544 earundem
1916 3489 1985 3574 per

293 3623 296 3628 ·
357 3606 528 3663 sororem
559 3589 728 3662 nostram
755 3577 942 3692 dominam
974 3576 1188 3662 Salomeam
1219 3576 1409 3694 Reginam
1443 3578 1631 3696 quondam
1664 3575 1852 3678 Galiciae,
1886 3607 1985 3661 nunc

356 3707 481 3780 autem
512 3694 583 3780 sub
615 3693 759 3811 regula
779 3694 889 3782 beate
923 3693 1033 3780 Clare
1055 3693 1204 3780 domino
1225 3695 1484 3801 famulantem,
1516 3711 1553 3782 et
1573 3695 1789 3783 Abatissam
1811 3723 1984 3782 sororum

356 3812 527 3931 ejusdem
558 3812 691 3930 regule
722 3813 864 3928 inipso
896 3813 1123 3898 monasterio
1155 3809 1456 3900 Zawichostensi
1477 3815 1767 3919 constituantur,
1799 3828 1836 3898 et
1857 3842 1984 3897 earum

307 3971 311 3980 ·
357 3931 604 4018 destituantur
625 3929 796 4018 arbitriis.
833 3929 875 4014 ln
892 3931 1008 4016 robur
1023 3944 1146 4016 autem
1167 3942 1204 4013 et
1218 3943 1439 4045 perpetuam
1452 3935 1670 4020 memoriam
1687 3923 1984 4047 subscriptorum
2063 3969 2067 3976 ·

356 4065 568 4166 presentem
587 4047 747 4134 litteram
769 4060 900 4133 nostro
922 4047 1044 4166 sigillo
1067 4047 1239 4135 duximus
1259 4049 1570 4168 consignandam.
1606 4049 1744 4135 Datum
1760 4049 1796 4134 in
1814 4055 1985 4162 Tarezyu

357 4171 381 4274 (
380 4170 578 4279 Korczyo)
588 4163 666 4278 (¹¹),
697 4195 797 4251 anno
818 4165 957 4252 domini
979 4166 1185 4254 Millesimo‘
1199 4166 1455 4252 ducentesimo
1478 4169 1792 4285 quinquagesimo
1814 4167 1983 4284 septimo,

357 4299 465 4372 sexto
481 4314 602 4370 nonas
623 4282 767 4390 lllarcii,
789 4285 1026 4401 presentibus
1043 4285 1199 4370 testibus
1216 4284 1287 4370 bis:
1309 4283 1516 4370 lllustribus
1541 4283 1726 4373 Casimiro
1747 4284 1985 4372 Lanoioiensi
2085 4377 2087 4382 ¹

458 4587 513 4667 (¹¹)
538 4585 607 4650 Non
619 4585 772 4667 Torczym'
781 4585 832 4648 sed
846 4585 1000 4670 Korozpoi
1010 4585 1196 4666 privilegium
1209 4585 1267 4650 boc
1277 4587 1307 4651 in
1317 4603 1481 4670 congressu
1494 4588 1614 4652 Ducum
1624 4588 1768 4652 Potoniae
1778 4582 1983 4670 praelatorum

327 4661 340 4682 '
356 4670 448 4734 latum
463 4669 576 4746 tuisse,¹
597 4677 661 4732 tum
677 4669 833 4752 Dlugossii
848 4673 980 4735 narratio
997 4671 1071 4752 (Vll.
1088 4671 1168 4752 tua),
1183 4677 1250 4734 tum
1264 4671 1344 4736 aliud
1361 4671 1549 4756 privilegium
1566 4672 1703 4744 Boleslai,
1727 4691 1789 4756 quo
1805 4668 1985 4755 Cunagundi

357 4754 443 4816 uxori
460 4755 646 4839 provinciam
662 4752 883 4820 Sandecensem
900 4755 1028 4822 dotalitii
1044 4756 1134 4840 (quod
1147 4753 1313 4841 dicabatur)
1325 4757 1449 4822 nomine
1461 4756 1593 4834 donavit,
1608 4754 1761 4840 quodque,
1796 4754 1985 4820 raeseatibus

358 4837 463 4902 iisdem
486 4839 650 4904 illustribus
665 4840 821 4926 personis,
847 4841 1004 4926 eodenmque
1024 4851 1146 4916 annom
1160 4841 1207 4904 di'e
1222 4840 1376 4929 Korczyoi
1389 4842 1513 4927 largitus
1529 4847 1594 4916 est,
1619 4860 1740 4906 omnem
1764 4776 1982 4908 dubitationem

287 4953 292 4963 ·
357 4920 473 4986 tollunt.
504 4924 571 4988 Vid.
589 4925 790 4990 Nurusuevicii
806 4917 883 4991 uisu
899 4925 966 4990 Pol.
983 4928 1016 4990 Τ.
1031 4927 1069 4990 V.
1085 4947 1113 5011 p.
1128 4923 1169 4992 88
1185 4935 1217 4990 et
1230 4927 1302 4994 374.

1784 5028 1811 5080 ll
