4788 5926
601 1401 762 1535 'scae
788 1449 939 1546 roco,
966 1467 1121 1535 oona
1147 1446 1300 1576 1252Ι
1321 1447 1413 1530 ure
1439 1445 1530 1533 2⁵.
1556 1470 1627 1531 m.
1654 1450 1808 1553 uano.

408 1651 677 1724 casimirus
698 1653 768 1724 linx
790 1650 935 1744 itqjavico
959 1653 993 1722 ot
1012 1649 1172 1724 ianciciao
1193 1649 1300 1722 vitiam
1317 1651 1546 1742 ecclesiamque
1568 1652 1801 1716 Dccrooimsem
1817 1666 1886 1722 cuno
1899 1649 1971 1722 aliis
1986 1649 2027 1720 oi

481 1755 611 1826 caodou
625 1752 851 1844 pcrtinentibus
864 1751 970 1837 tonis,
993 1768 1014 1821 ι
1028 1752 1203 1824 christiano
1218 1751 1372 1842 Episcopo
1387 1751 1531 1827 irnssiao
1544 1751 1736 1825 monaston'o
1752 1751 1955 1844 Salcjovicnsi

489 1854 740 1929 cisterciensium
753 1854 930 1931 restitutas,
946 1853 1045 1926 alicu
1058 1853 1250 1925 monastario
1265 1853 1391 1940 adiicit
1406 1858 1439 1926 ct
1452 1872 1473 1925 ι
1485 1854 1590 1940 vanis,
1605 1871 1684 1945 queo
1697 1856 1765 1925 tm
1778 1853 1810 1925 in
1823 1852 1950 1924 icioma

860 1955 1071 2042 muninus,
1085 1953 1230 2045 ugonis,
1244 1954 1395 2027 iunnou
1408 1953 1572 2040 coalitu).
1648 1947 1653 1954 ’

508 2195 550 2282 ln
572 2196 720 2281 nominc
751 2194 905 2298 domini,
936 2225 1056 2282 amen.
1109 2195 1215 2281 Licet
1243 2193 1429 2312 quaedam
1456 2197 1556 2282 lacta
1583 2195 1811 2282 universitati
1838 2189 2024 2277 bominum

406 2313 598 2400 evidenter
618 2327 707 2399 ncta
728 2315 816 2417 sint,
838 2311 933 2398 solet
954 2326 1077 2398 tamen
1098 2313 1308 2432 lreqnenter
1329 2311 1524 2420 accidere,
1558 2313 1659 2429 quod
1682 2311 1850 2405 humanis
1870 2307 2025 2407 actibus,

405 2462 488 2516 cum
520 2445 636 2517 testes
668 2430 869 2534 defuerint,
905 2443 1057 2516 attentet
1087 2431 1271 2516 calumnia
1300 2433 1508 2518 novercari.
1569 2431 1715 2516 ldcirco
1752 2457 1913 2514 neccsse
1949 2439 2025 2528 est,

405 2550 573 2632 actiones
609 2548 814 2664 legitimaS,
847 2577 943 2661 quae
965 2548 1145 2632 memoria
1179 2549 1363 2660 indigent,
1395 2577 1463 2660 per
1484 2547 1611 2661 scripti
1627 2547 1887 2632 continentiam
1904 2545 1939 2626 in
1962 2571 2025 2626 nn·

301 2712 308 2739 .
406 2665 517 2750 titiam
542 2664 735 2746 transmitti
755 2671 1005 2774 posterorum.
1036 2659 1254 2775 Nosigiiur
1275 2663 1481 2746 Casimirus
1503 2661 1564 2746 dei
1580 2664 1702 2746 cratia
1718 2661 1807 2746 Dux
1825 2658 2026 2744 Lanciciae

304 2800 314 2843 ἑ
405 2796 442 2864 et
464 2779 645 2892 Cujaviae
666 2790 792 2860 notum
809 2777 965 2860 iacimus
986 2776 1245 2889 praesentibus
1268 2792 1305 2861 et
1323 2778 1470 2879 laturis,
1502 2729 1625 2893 quod,
1657 2807 1741 2862 cum
1762 2777 1905 2862 ratione
1916 2773 2025 2860 dotis

405 2895 574 3008 inclytae
609 2893 796 2978 iturissae
835 2891 1079 2978 Constantios
1114 2894 1241 2978 uxoris
1278 2906 1432 2980 nostrae
1462 2909 1498 2982 et
1527 2896 1655 2980 matris
1683 2894 1857 2980 nobilium
1877 2891 2030 2978 Ducum·

384 3011 605 3098 Lectionis
641 3023 678 3094 et
708 3008 920 3094 Semomisli
950 3008 1108 3094 liliorum
1144 3025 1375 3114 nostrorum,
1411 3007 1717 3121 Lendensemff)
1749 3007 2023 3096 castellaturam

406 3143 636 3227 teneremus,
683 3124 872 3212 accedens
903 3125 953 3212 ad
980 3157 1052 3213 nos
1082 3127 1167 3242 piae
1200 3127 1470 3230 recordationis
1505 3125 1805 3238 Cbristiannsl³l
1835 3124 2022 3242 quondam

406 3245 667 3332 Cisterciensis
700 3242 840 3330 ordinis
870 3244 1098 3347 monachae,
1140 3258 1301 3360 etpost,
1334 3243 1456 3331 divina
1488 3246 1721 3362 providentia
1751 3259 2023 3360 superterram

503 3561 543 3644 (¹)
572 3563 619 3626 Ex
650 3561 823 3646 apographo
854 3560 892 3626 de
923 3561 998 3627 libro
1021 3549 1244 3647 privilegiorum
1272 3564 1407 3630 tabularii
1431 3562 1562 3647 Capituli
1583 3561 1806 3645 metropolitani
1829 3557 2023 3634 Gnesnoosis,

403 3647 474 3711 olim
512 3648 693 3710 auctoritate
727 3647 886 3710 Fronoc'sci
928 3645 1073 3712 Wolo'ctslci
1107 3645 1249 3714 Canonici
1290 3656 1321 3713 et
1357 3647 1473 3714 Notarii
1509 3647 1638 3732 Capituli
1671 3646 1827 3730 ejusdem,
1864 3643 2022 3725 descripto.

401 3730 513 3794 Villam
535 3727 754 3812 ecclesiamque
772 3730 1003 3793 Dabrociensem
1025 3751 1092 3794 cum
1110 3731 1196 3798 bonis
1219 3741 1250 3797 et
1272 3731 1395 3796 decimis
1410 3733 1448 3796 ad
1464 3752 1530 3796 cam
1548 3730 1783 3814 pertinentibus,
1806 3725 2023 3811 antiquissimis

405 3811 593 3894 temporibus
609 3811 696 3892 (intra
716 3812 795 3876 1168
818 3821 849 3876 et
874 3814 953 3875 itii
968 3811 1080 3878 scilicet
1095 3817 1227 3898 annuml.
1250 3817 1443 3899 Bugumilum
1459 3813 1728 3899 Arcbiepiscopum
1745 3812 1962 3883 Guosnensem
1985 3807 2023 3871 ad

404 3915 511 3960 ananus
531 3893 701 3990 llogupball
724 3895 864 3961 monacbi
886 3896 1071 3990 Lelnensis.
1101 3897 1239 3981 Capitulo
1268 3901 1398 4047 qencrali
1427 3898 1647 3995 mosacborum
1669 3896 1783 3994 ordinis
1805 3891 2024 3992 Cinsterciensiq

404 3986 1056 4159 bibitam?&tritissimis
1069 3980 1282 4147 bittit..
1296 3976 2024 4149 ittlndli?illistibllgttt.tlit

404 4145 522 4208 Odcnvs
536 4169 604 4208 anni
623 4147 711 4220 1232,
728 4147 757 4210 in
775 4146 968 4211 Damalevicir
984 4145 1069 4212 Seria
1084 4148 1244 4231 brobiepp.
1260 4149 1370 4214 Gncsn.
1387 4172 1413 4233 p.
1433 4151 1487 4214 llll
1502 4187 1542 4195 -
1554 4151 1612 4214 103
1628 4152 1706 4236 typis
1722 4147 1888 4230 descripto,
1911 4163 2023 4228 cogno·

403 4230 524 4324 scimus,
539 4229 744 4324 videmusque,
755 4230 818 4315 jam
831 4241 905 4308 tum,
921 4251 1001 4294 anno
1013 4230 1124 4295 scilicet
1139 4233 1231 4310 1232,
1255 4233 1456 4300 Christianum
1468 4234 1598 4300 eundem
1615 4236 1692 4298 bona
1706 4232 1858 4317 praedicta
1873 4227 2023 4294 Vilbclmo

402 4312 514 4378 itam
530 4309 735 4395 Sulepoviensi‚
751 4323 962 4396 postmortem
978 4315 1151 4397 suam,jurc
1166 4315 1290 4381 dominii
1306 4318 1484 4403 possidenda
1501 4317 1676 4402 assignasse.

505 4394 544 4478 (²)
575 4395 729 4481 Oppidum
746 4399 814 4478 qu
828 4400 863 4462 ad
880 4403 1020 4472 Variam:
1044 4399 1101 4462 vid.
1117 4402 1342 4467 annotationem
1360 4402 1511 4488 privilegio
1532 4401 1573 4466 Νο
1587 4403 1601 4466 l
1616 4400 1809 4486 praemissam
1826 4397 1971 4482 primam,
1993 4396 2022 4458 in

403 4481 470 4544 fine.
508 4480 557 4543 De
573 4481 724 4560 diuturnis
739 4481 901 4544 inimicitiis
915 4483 1073 4568 bellisque,
1093 4484 1202 4568 quibus
1218 4484 1266 4548 illa
1281 4487 1427 4564 Ladcnsis
1443 4485 1622 4550 Castellania
1646 4487 1722 4550 Duci
1740 4483 1864 4566 iiajnris
1880 4480 2024 4545 Polonias

404 4564 541 4629 boleslao
558 4572 588 4627 et
603 4564 750 4630 Casimiro
767 4563 933 4646 Cujaviensi
949 4569 1136 4631 occasionem
1153 4569 1307 4650 praebuit,
1328 4571 1386 4635 vid.
1402 4569 1601 4652 licqupbolus
1617 4589 1643 4652 p.
1658 4569 1709 4645 62,
1730 4568 1781 4644 tta,
1804 4566 1852 4642 ii,
1869 4562 1924 4638 723
1948 4563 2022 4626 Diu·

403 4649 520 4732 passius
536 4648 601 4710 Lib.
618 4649 683 4712 Vll.
700 4647 770 4724 708,
788 4648 865 4720 752:
887 4647 1061 4714 Noruszew.
1076 4653 1127 4715 iv.
1143 4653 1205 4716 239
1220 4672 1284 4736 sqq.
1299 4655 1336 4716 V.
1351 4653 1507 4718 tto—104.

504 4730 544 4812 (³)
573 4731 758 4816 Episcopum
776 4730 854 4796 bunc
869 4752 949 4796 anno
968 4733 1048 4796 1245
1063 4745 1214 4802 mortuum
1231 4757 1297 4799 esse
1320 4737 1499 4820 Dlugcssius
1520 4736 1583 4800 Lib.
1606 4736 1669 4800 Vll.
1686 4755 1713 4818 p.
1729 4733 1790 4798 703
1805 4733 1905 4798 relect.
1934 4728 2023 4796 Conl.

403 4815 502 4878 literas
518 4815 684 4878 innocentii
701 4819 801 4900 Papae
816 4817 867 4882 lv.
884 4817 954 4880 anni
974 4817 1072 4888 1245.
1096 4819 1126 4883 in
1151 4821 1254 4903 Voo'qtii
1266 4819 1378 4885 Codice
1394 4820 1588 4902 diplomatico
1604 4819 1753 4896 Prassicq
1768 4819 1802 4882 Τ.
1818 4821 1842 4881 l.
1860 4819 1913 4880 Νῐο
1928 4815 2023 4878 Llili.

402 4897 577 4981 ibidemque
593 4896 693 4962 literas
709 4901 879 4966 Heideorici
894 4901 1036 4984 Episcopi
1052 4901 1220 4970 Culmeosis
1236 4905 1304 4969 anni
1326 4905 1476 4969 124ch
1492 4905 1596 4971 LXVl.
1611 4903 1785 4986 descriptas.
