4780 5922
1000 750 1408 824 -109--

326 949 575 1067 predictarum
592 947 835 1035 hereditatum
851 949 900 1035 rb
916 949 1086 1036 omnibus
1102 949 1359 1036 solucionibus
1376 964 1413 1036 et
1428 950 1697 1054 exactionibus,
1713 955 1736 1041 a'
1752 959 1946 1056 narraret,

326 1073 560 1180 aporndtne,
582 1074 793 1178 apornmb,
814 1095 838 1152 a
857 1097 920 1179 rep
937 1066 1113 1154 'videlicet
1134 1068 1359 1182 [romentj,.a
1379 1068 1489 1169 bove,
1511 1097 1682 1172 aracos,
1703 1097 1727 1154 a
1747 1097 1879 1185 porco,
1897 1070 1948 1158 ab

325 1209 424 1288 owe,
443 1188 528 1272 item
550 1214 572 1270 a
597 1183 824 1289 Castellnno,
845 1185 998 1271 acestri
1015 1184 1221 1287 cittacione,
1241 1215 1265 1270 a
1275 1183 1404 1300 judice
1425 1199 1462 1271 et
1481 1185 1531 1272 ab
1552 1215 1681 1272 eorum
1695 1183 1947 1299 jurisdicioni-

325 1303 397 1389 bus
416 1301 632 1420 sepedictus
647 1302 792 1388 incolas
808 1303 955 1420 penitus
971 1300 1173 1392 liberamus
1194 1317 1231 1392 et
1247 1303 1449 1407 eximimus,
1470 1301 1570 1413 quod
1586 1322 1662 1396 non
1679 1304 1949 1420 comparebunt

324 1449 452 1506 coram
470 1421 528 1507 eis
546 1421 679 1525 cittati,
704 1449 777 1506 nec
795 1418 1095 1537 respondebunt,
1115 1419 1185 1507 sed
1205 1419 1461 1510 tantummodo
1482 1419 1750 1525 ocrem-nobis,
1771 1420 1857 1518 dum
1879 1451 1948 1539 per

322 1537 463 1626 litteras
479 1543 483 1550 ’
499 1549 651 1626 nostras
686 1538 826 1626 fuerint
853 1539 1021 1654 evocatj,
1063 1551 1150 1626 tunc
1179 1538 1452 1654 comparebunt
1487 1568 1617 1628 coram
1651 1537 1761 1642 nobis
1794 1540 1947 1628 racione

323 1657 483 1743 bononis
506 1656 883 1774 nonrcspondentes
904 1670 943 1743 et
961 1658 1044 1745 sine
1063 1687 1160 1773 pena
1175 1655 1361 1774 judiciali,
1391 1656 1441 1742 ed
1463 1656 1667 1772 predictum
1698 1655 1889 1747 Andream
1911 1670 1949 1744 et

322 1802 425 1861 suos·
445 1783 694 1862 successores
725 1783 956 1863 reuertentes
987 1789 1025 1862 et
1054 1800 1182 1860 coram
1213 1773 1347 1862 eodem
1378 1772 1634 1892 respondeant
1664 1772 1713 1860 de
1743 1775 1866 1879 furtis,
1898 1773 1947 1862 de

321 1891 554 2009 tenocinija,
570 1890 619 1976 de
650 1892 781 2009 capitis
812 1893 1021 1995 occisione,
1054 1891 1102 1977 de
1123 1891 1327 1980 wlneribus
1348 1891 1659 2010 sanguinolentis
1680 1907 1745 1980 aut
1764 1920 1839 1978 non
1860 1922 1944 1980 san-

321 2009 580 2128 gwiootentis,
611 2008 733 2095 notus
762 2008 962 2095 sed-idem
993 2009 1169 2096 Andreas
1200 2040 1284 2096 cum
1312 2011 1397 2098 suis¹
1414 2010 1576 2126 posteris
1589 2008 1733 2124 judicet
1754 2024 1791 2096 et
1810 2038 1945 2126 penam

319 2127 487 2244 accipiet,
510 2141 584 2212 tam
605 2156 627 2211 a
650 2129 728 2214 suis
749 2126 1021 2232 kmctbonibus,
1043 2129 1104 2246 qui
1125 2127 1219 2215 abos
1241 2127 1469 2232 occiderent,
1492 2153 1602 2246 quam
1624 2127 1673 2212 ab
1694 2125 1775 2243 aiijs
1797 2126 1944 2246 quibus-
2045 2183 2052 2217 ,·

319 2245 560 2361 cunque,qui
575 2243 912 2351 suosyoccidcrant
942 2244 1033 2332 ltem
1056 2243 1347 2332 omneduellum
1368 2242 1497 2362 gladij,
1521 2243 1654 2348 baculi,
1675 2274 1946 2362 superaquam

317 2361 501 2477 mittendj,
532 2363 650 2448 ferum
670 2360 853 2447 fervidum
873 2362 1101 2480 accipiendi,
1131 2363 1231 2450 viam
1261 2391 1329 2448 seu
1361 2374 1516 2448 stratam
1548 2360 1596 2446 ad
1628 2362 1769 2446 curiam
1786 2361 1946 2488 predicti

296 2559 300 2569 .
319 2478 473 2585 Andros
490 2493 527 2564 ct
542 2461 694 2564 subrum
711 2507 990 2584 successorum,
1003 2477 1199 2594 judicandi
1216 2475 1349 2564 damus
1366 2495 1403 2565 et
1418 2478 1651 2582 conferimus,
1671 2504 1755 2563 cum
1772 2478 1944 2566 omnibus

317 2625 447 2683 eorum
469 2597 577 2714 penis
596 2596 806 2682 facultatem
827 2595 1043 2714 recipiendi.
1084 2595 1286 2700 Preterea,
1318 2613 1357 2682 ut
1376 2595 1542 2714 prefatus
1562 2595 1739 2684 Andreas
1760 2625 1845 2682 cum
1866 2597 1944 2687 suis

316 2715 477 2832 posteris
508 2713 654 2823 absque
681 2713 895 2801 omnimoda
914 2712 1148 2800 dissensione
1170 2709 1290 2799 dictas
1310 2709 1537 2800 hereditates
1550 2714 1639 2830 jure
1661 2709 1888 2800 hereditario
1908 2714 1945 2800 in

315 2845 535 2949 perpetuum
555 2829 990 2937 obtineat'removemus
1011 2861 1144 2940 omnes
1158 2830 1394 2940 ¹donaciones
1416 2829 1667 2948 predictarum
1686 2829 1944 2936 hereditatum,
2001 2843 2015 2888 ¹·

315 2949 352 3034 i'n
367 2951 612 3060 quascunque
626 2977 823 3066 personas,
841 2961 914 3035 tam
931 2977 1000 3066 per
1015 2977 1096 3052 nos,
1115 2975 1226 3060 quam
1242 2979 1311 3065 per
1326 2949 1623 3069 predecessores
1639 2963 1793 3035 nostros
1808 2951 1941 3053 seems,

316 3063 457 3150 eisdem
473 3093 544 3182 pro
560 3067 784 3183 recepcione
800 3064 980 3153 dictarum
996 3065 1241 3160 hereditatum
1258 3081 1476 3183 perpetuum
1493 3068 1683 3154 silencium
1697 3067 1941 3183 imponentes.

313 3179 365 3268 Et
383 3183 595 3300 specialiter
614 3184 673 3271 bis
693 3185 914 3302 imponimus
934 3199 1154 3302 perpetuum
1175 3186 1366 3272 silencium
1389 3213 1460 3301 pro
1480 3186 1706 3302 recepcione
1726 3182 1942 3274 hereditatis
2015 3267 2017 3274 ,

312 3305 498 3390 Mokooo:
517 3302 637 3420 primo
657 3300 857 3391 Bernardo
873 3331 942 3419 pro
960 3331 1019 3408 eo,
1041 3303 1126 3414 quia
1143 3332 1215 3418 pro
1231 3302 1384 3388 Simone
1400 3300 1449 3387 de
1467 3299 1674 3414 Orrpelc(⁴)
1695 3301 1942 3418 fidejubuerat

179 3471 184 3480 ·
314 3417 396 3528 (sic)
428 3419 465 3504 in
491 3421 673 3536 peccunia
705 3417 948 3506 ducentarum
980 3448 1190 3504 marcarum
1221 3420 1387 3536 argenti,
1419 3434 1456 3504 et
1476 3419 1608 3504 eadem
1631 3417 1713 3528 (sic)
1734 3449 1811 3503 non
1832 3416 1942 3504 solvit

313 3535 423 3620 nobis
444 3537 481 3620 in
498 3537 652 3646 termino
669 3549 820 3642 statuto,
841 3537 928 3622 item
945 3535 1074 3622 Chucz
1091 3536 1256 3622 existens
1272 3548 1401 3625 noster
1415 3535 1585 3638 servitor,
1605 3534 1753 3620 adhesit
1767 3532 1940 3650 Voyslao

312 3647 498 3769 Troyanj,
531 3668 567 3742 et
586 3683 655 3770 per
674 3659 819 3762 [eum‘t]
841 3665 1006 3740 castrum
1026 3667 1195 3741 nostrum
1216 3653 1491 3768 Dobrzynense
1510 3653 1576 3739 fuit
1596 3650 1871 3755 defraudatum,
1904 3665 1941 3738 et

311 3764 518 3889 pugnando
550 3781 684 3858 oonba
713 3801 786 3858 uos
816 3801 885 3888 per
914 3782 1067 3858 nostros
1097 3765 1271 3858 homines
1290 3767 1355 3858 suit
1376 3770 1550 3878 occisus,
1581 3771 1669 3858 item
1698 3767 1940 3887 Przijbislaus

215 3895 219 3902 '
310 3885 516 4006 Voyczijec
546 3887 654 3980 sirnib
683 3885 799 3978 modo
816 3885 1080 3994 infidelitatem
1101 3885 1586 4001 nobis,demonstrauit(⁵);
1617 3889 1703 3978 bem
1724 3887 1938 4006 sepedictus
2013 3943 2025 3960 ,

322 4201 328 4208 '
343 4177 365 4274 ‚¹
411 4187 447 4285 (⁴)
474 4199 565 4268 Ortelr
579 4184 869 4300 pagus'purocbiatis
884 4185 1026 4289 intingui
1041 4194 1187 4289 Potoniae
1198 4205 1356 4270 territorio
1373 4209 1404 4268 et
1415 4221 1449 4269 re
1472 4201 1480 4216 '
1503 4223 1541 4268 ne
1555 4201 1706 4288 Ltpnensi,
1721 4203 1761 4268 ad
1772 4203 1937 4270 confinium

311 4285 468 4362 Prut'sine,
494 4286 671 4371 etquidem
692 4289 933 4352 interimamus
955 4288 1108 4373 oppidrun·
1122 4285 1319 4354 stammam
1340 4287 1448 4370 tfflrss
1472 4305 1526 4370 mg
1548 4286 1771 4368 Germanist‘et
1791 4288 1940 4372 oppidum

309 4370 454 4458 'pterim
468 4369 572 4468 lippet·
583 4370 666 4450 ottus
681 4370 771 4440 ,Haec
786 4371 887 4444 tumen
903 4373 984 4462 bona
1000 4371 1088 4455 Quint
1102 4381 1181 4452 runt,
1197 4373 1328 4472 adquae
1343 4373 1390 4455 jus
1408 4368 1423 4438 s'
1466 4370 1544 4438 remi
1554 4361 1677 4439 dominii
1692 4372 1810 4440 Ducem
1824 4371 1936 4442 Lcsco-

309 4474 379 4552 nem
399 4449 611 4553 Cuiavrepsem
633 4451 691 4520 sibi
714 4453 897 4552 vindicasse,
919 4450 1028 4519 tabulis
1044 4455 1178 4554 ejusdem
1195 4451 1364 4554 annulbOd
1380 4453 1411 4520 et
1424 4391 1510 4520 ibib}
1528 4455 1767 4553 pignerationem
1791 4456 1936 4521 territorii

309 4537 552 4605 Mrcbrtouensrs
573 4539 826 4605 concernentibus
848 4525 1073 4623 (Stronczyrbcu
1095 4542 1229 4627 „Wzory
1239 4540 1337 4638 prend
1360 4547 1416 4606 etc.
1438 4542 1492 4608 Ν*ο
1506 4540 1557 4617 21,
1580 4540 1804 4623 22.-Dogrel.
1819 4540 1869 4603 IV.
1884 4539 1935 4624 st)

309 4629 451 4690 constat.
465 4623 610 4710 Debitum
624 4622 846 4690 messenen
856 4624 897 4693 dr
913 4623 1002 4693 osa
1017 4624 1214 4696 manumissa
1229 4623 1349 4698 runnu
1367 4625 1553 4702 Ziemnrito,
1575 4626 1655 4693 boun
1667 4624 1747 4702 batto
1760 4623 1798 4705 od
1814 4623 1935 4690 territo·

308 4704 1061 4790 m'rnrMicbrtorienr'e'pertimetisoccunardi,⁴
1112 4757 1115 4776 ,
1286 4775 1288 4782 ,
1347 4772 1352 4784 ,
1509 4775 1513 4784 ,
1670 4758 1673 4766 ·

323 4821 357 4887 -p
375 4820 379 4854 :
400 4789 444 4876 tt)
463 4789 577 4892 Quum
591 4793 914 4891 ‹tnzieneytronnee
928 4729 1498 4891 berrennam-annonas.atticam
1511 4792 1716 4866 monumentis
1728 4789 1940 4890 insanionis.
2016 4853 2018 4862 =

307 4873 538 4961 drrprrnmenuo
552 4883 593 4942 nt
605 4875 709 4952 saara
721 4877 796 4944 arbit
810 4885 902 4962 rantur
916 4897 1037 4960 murum,
1050 4899 1077 4948 ει
1092 4898 1129 4946 er
1146 4894 1280 4964 quoque.
1295 4899 1375 4964 quse
1388 4900 1419 4944 m
1433 4877 1492 4952 bno
1504 4876 1607 4944 tabuta
1622 4877 1663 4944 de
1673 4884 1848 4962 capacitate
1860 4898 1940 4964 ⁰1⁰⁸,-
