4800 5942
1080 745 1131 760 ...
1183 703 1259 782 356
1312 743 1357 758 .-

1020 1005 1023 1010 A
1121 1020 1313 1138 dxcvi.
1524 1012 1527 1020 ’

512 1269 894 1391 Patricovioe,
922 1309 1077 1377 ummo
1102 1289 1250 1378 1501
1275 1292 1328 1374 u.
1353 1288 1392 1374 3
1417 1289 1620 1374 mencio
1649 1291 1922 1379 octobris.

454 1491 647 1592 cumeurn
667 1495 796 1572 llulouia
815 1495 897 1570 lutor
916 1493 1056 1584 nomm
1075 1492 1221 1568 lolouiao
1240 1496 1275 1565 ot
1294 1492 1438 1584 numum
1457 1488 1610 1569 noenu
1630 1493 1824 1584 lilinum
1845 1495 1987 1588 tompore

927 1595 1023 1684 uene
1043 1593 1320 1668 Alexandri
1340 1595 1445 1670 motae
1460 1595 1512 1682 (¹).
1722 1593 1724 1600 '
2002 1651 2004 1658 .

503 1825 546 1912 ln
566 1825 716 1911 nomino
736 1818 885 1926 domini,
906 1849 1027 1908 amen.
1071 1818 1137 1908 Ad
1156 1822 1211 1908 rei
1230 1819 1447 1907 memoriam
1468 1819 1744 1935 sempiternam.
1786 1819 2033 1908 Terrestrium

399 1946 626 2064 Regnorum
647 1956 683 2029 el
702 1939 983 2054 Principaluum
1005 1935 1186 2044 ordinem,
1206 1968 1231 2024 a
1251 1963 1397 2024 summo
1413 1935 1475 2024 illo
1490 1937 1652 2028 universi
1667 1936 1802 2052 opifice
1816 1936 1900 2032 Deo
1916 1938 1967 2024 ila
1982 1939 2035 2025 in-

401 2065 564 2152 slilulum
582 2089 669 2146 essa
681 2069 840 2162 constal,
857 2070 907 2161 ul,
921 2055 992 2142 nisi
1008 2085 1055 2142 ex
1070 2057 1194 2174 capite
1208 2066 1247 2141 el
1258 2054 1446 2160 membris,
1463 2053 1658 2173 isdemque
1667 2055 1750 2165 (sio)
1767 2053 2032 2160 concordibus,
2189 2123 2193 2130 .

401 2178 594 2298 quodlibet
613 2203 743 2264 eorum
764 2188 1000 2289 compactum
1021 2173 1174 2279 existar,
1202 2173 1347 2262 salvum
1368 2186 1407 2259 el
1424 2171 1610 2260 incolume
1630 2170 1695 2259 diu
1715 2200 1936 2289 permanere
1956 2201 2032 2260 non

245 2311 249 2320 '
332 2303 352 2392 ’,
427 2297 540 2401 ossil;
572 2323 649 2412 quo
679 2290 823 2379 diucius
853 2297 986 2378 autem'
1008 2290 1169 2380 solidum
1194 2306 1232 2378 et
1250 2291 1436 2408 iulegrum
1457 2302 1698 2405 perseveret,
1729 2319 1846 2409 opere
1866 2291 2032 2407 precium

398 2329 491 2518 lire,
512 2427 551 2500 ul
572 2411 683 2530 capili
704 2409 872 2498 membra
890 2406 1159 2524 respondeant,
1179 2420 1218 2496 el
1237 2422 1351 2522 capul
1370 2406 1546 2493 membris
1566 2407 1750 2526 singulari
1765 2407 2033 2495 moderacioue

400 2547 438 2619 et
456 2527 663 2648 prudencia
681 2528 817 2643 presit:
848 2524 1059 2613 inofficiosa
1088 2524 1185 2612 enim
1219 2536 1258 2610 el
1290 2521 1554 2610 discordanoia
1585 2552 1702 2612 asuo
1723 2526 1846 2642 capite
1867 2524 2034 2634 membra
2135 2514 2141 2528 ’

398 2645 600 2766 periclitari
636 2657 932 2745 consueverunt,
969 2671 1043 2759 que
1078 2639 1283 2728 eoncordia
1318 2656 1355 2729 et
1385 2639 1576 2746 officiosa,
1613 2670 1656 2728 se
1687 2670 1876 2728 unacum
1907 2643 2032 2757 capite

399 2771 638 2852 conservam
678 2757 834 2844 Etcum
854 2757 889 2846 in
912 2757 1084 2846 omnibus
1103 2773 1236 2846 nature
1257 2757 1425 2878 legibus,
1456 2754 1664 2876 divinisque
1683 2758 1950 2875 preceptis-ea
1970 2759 2025 2844 in·

399 2879 528 2997 primis
549 2875 859 2995 excellanl,'que
886 2874 938 2962 ad
966 2873 1238 2968 mundanorum
1266 2875 1537 2993 principatuum
1569 2877 1702 2964 iustam
1722 2873 2028 2994 concordemque

398 2996 624 3088 soliditatem
641 3008 678 3083 el
693 2993 986 3082 consonanciam
1002 2992 1203 3110 pertinent:
1225 3022 1311 3080 nam
1327 2992 1502 3112 quicquid
1518 2993 1607 3081 boni
1624 3009 1661 3081 el
1674 2993 1854 3083 felicitatis
1870 2992 2030 3082 mortali-

398 3115 473 3202 bus
492 3112 618 3218 dalum
640 3126 708 3214 esl,
728 3110 815 3198 iude
835 3112 1092 3228 proficiscitur:
1124 3141 1273 3230 cunque
1294 3111 1377 3224 (sic)
1399 3142 1446 3197 ex
1467 3138 1515 3200 eo
1536 3112 1703 3230 imperia,
1723 3140 1856 3230 regna,
1878 3124 1916 3195 el
1935 3111 2031 3229 prin,

399 3232 546 3347 cipalus
566 3259 641 3316 non
663 3227 777 3318 modo
798 3230 969 3333 stabiliri,
991 3229 1060 3316 sed
1081 3229 1199 3317 eciam
1220 3258 1268 3315 au
1299 3231 1354 3317 eri
1375 3243 1412 3316 et
1432 3229 1646 3317 mirabiliter
1666 3229 1898 3332 coalescere,
1918 3243 2052 3346 alque

287 3379 289 3384 ·
399 3346 607 3436 concordia
636 3375 793 3465 parwas
813 3378 876 3436 res
898 3376 1094 3450 erescere,
1125 3259 1317 3435 discordia
1337 3374 1429 3435 vero
1451 3348 1631 3434 maximas
1653 3345 1785 3452 dilabi,
1816 3344 2030 3456 quotidiana

399 3465 538 3552 doceat
557 3465 812 3581 experienda:
843 3490 917 3578 qua
937 3481 1110 3584 propter,
1142 3492 1212 3553 nos
1238 3464 1272 3550 F
1273 3464 1486 3570 rodericus,
1516 3465 1765 3552 miseracione
1786 3463 1931 3570 divina,
1962 3463 2029 3550 Sa-

400 3597 602 3670 crosanole
630 3610 786 3670 romane
815 3581 997 3686 ecclesie,
1029 3582 1118 3671 lituli
1149 3597 1281 3670 sancte
1311 3580 1427 3671 Lucia
1456 3582 1493 3667 in
1524 3595 1669 3699 septem
1700 3582 1804 3698 solys
1835 3581 2033 3671 Presbiler

362 3809 366 3816 .
399 3699 621 3801 Cardinalis,
643 3699 966 3820 Archiepiscopus
984 3697 1232 3806 Gneznensis,
1254 3716 1290 3788 el
1304 3699 1453 3786 Primas
1468 3698 1598 3818 Regni
1614 3697 1784 3805 Polonie,
1801 3697 2029 3816 Episcopus-

399 3839 473 3926 que
494 3813 773 3915 Cracoviensis,
794 3815 972 3904 Andreas
987 3815 1108 3924 Rosa,
1129 3817 1453 3934 Archiepiscopus
1473 3815 1736 3934 Leopoliensis
1756 3830 1793 3904 el
1812 3815 2027 3933 Episcopus

398 3927 731 4048 Przemijsliensis,
765 3928 946 4016 Croslaus
977 3933 1307 4023 Wladislaviensis
1328 3947 1365 4022 el
1391 3932 1648 4023 Cancellarius
1677 3934 1740 4023 Re
1795 3935 1825 4037 i,
1856 3933 2027 4020 loannes

323 4136 329 4142 .
397 4047 691 4151 Pozuaniensis,
722 4047 951 4135 Vincencius
972 4046 1210 4155 Ploezansis,
1239 4049 1366 4138 Lucas
1387 4051 1656 4156 Warmiensis,
1677 4067 1714 4140 et
1774 4049 1895 4136 athias
1916 4046 2030 4136 Chel-

397 4167 539 4266 mensis
570 4163 826 4253 Ecclesiarum
853 4163 887 4252 E
915 4165 1057 4283 iscopi3
1089 4165 1259 4284 Spyrhek
1286 4167 1335 4254 de
1360 4173 1567 4256 lorosslow
1600 4167 1860 4262 Caslellanus,
1889 4165 2029 4252 Petrus

398 4281 566 4402 Kmijlha
582 4281 631 4368 de
648 4288 860 4393 Wj’ssnieze
875 4196 1070 4374 doninus
1087 4296 1126 4376 at
1139 4283 1354 4372 Marsalcus
1374 4283 1514 4403 Regni,
1538 4284 1832 4390 Cracovieuses;
1854 4281 2028 4372 Andreas

299 4428 304 4440 ¹
399 4399 448 4488 de
463 4405 721 4512 Selomollrulp
741 4401 1029 4507 Pozuaniensis,
1048 4399 1217 4490 loannes
1234 4401 1283 4488 de
1303 4408 1483 4488 Rornae
1500 4401 1827 4521 Sandomiriensis
1848 4397 2026 4486 Nicolaus
2053 4419 2057 4428 “

500 4647 542 4732 (¹)
568 4647 618 4715 Ex
639 4645 805 4734 archetypo
826 4648 1061 4746 membranaceo
1082 4651 1113 4715 in
1128 4650 1278 4716 tabidario
1298 4651 1342 4718 ΙΙΙ.
1362 4645 1536 4798 Principum
1557 4649 1806 4718 Radriwillorum
1825 4601 2052 4716 Nieboroviei'

401 4739 570 4798 asserunto.
605 4731 758 4800 Funieulis
782 4731 884 4797 soricis
904 4751 1036 4817 appensa
1051 4741 1122 4800 sunt
1135 4754 1230 4800 unum
1245 4741 1277 4800 et
1291 4734 1395 4820 viginti
1410 4735 1464 4818 sigi
1476 4733 1504 4799 la
1519 4733 1638 4803 mediae
1648 4732 1880 4818 magnlmdinis,
1900 4729 2028 4816 (aliquod

400 4815 520 4898 desunt)
535 4835 615 4900 quaa
629 4816 773 4883 exhibant
787 4816 915 4902 insignia
931 4823 962 4884 et
975 4817 1098 4884 uomina
1113 4838 1312 4902 personarum
1327 4819 1365 4884 iia
1379 4818 1538 4886 utentium.
1717 4851 1725 4858 ·
