4800 5942
1060 769 1104 782 -
1159 729 1233 804 353
1288 767 1334 782 -·

382 901 520 1020 relictis
560 933 642 1018 siue
682 927 891 1046 gentilium,
911 987 916 994 f
933 929 1014 1016 siue
1048 926 1277 1046 perfidorum
1305 927 1527 1018 libreorum
1564 929 1713 1037 ritibus,
1754 929 2014 1047 damnatisque

227 1051 231 1058 ’
346 1067 349 1072 ’
382 1048 597 1152 erroribus,
629 1058 968 1165 quantumcumque
1001 1045 1062 1133 diu
1094 1057 1162 1164 per
1189 1049 1355 1182 majores
1375 1079 1443 1135 sue
1465 1048 1685 1170 propaginis
1705 1047 1931 1156 defensatis,
1962 1049 2035 1161 ad¹

380 1169 503 1254 lucem
536 1166 631 1271 vite,
662 1163 913 1252 redemtorem
941 1177 1111 1252 nostrum
1142 1165 1358 1272 crucifixum
1384 1167 1521 1270 renati,
1553 1180 1689 1284 sponte
1715 1169 1887 1274 veniunt,
1919 1183 1957 1256 et
1976 1170 2013 1259 in

330 1345 333 1356 -
380 1284 619 1402 professione
648 1280 737 1370 frdei
766 1311 943 1389 romane,
975 1283 1157 1399 abiunetis·
1181 1283 1345 1372 sathane
1375 1282 1612 1388 cecitatibuS‚
1647 1285 1787 1374 saluari
1808 1313 1854 1372 ou
1883 1287 2013 1394 lentes,

380 1402 655 1519 interioresque
675 1402 797 1488 enine
818 1400 1015 1518 squalores
1031 1404 1267 1490 sacrosancti
1283 1401 1442 1492 llarninis
1458 1401 1541 1512 (sic)
1563 1415 1801 1492 sacramento
1817 1316 2030 1514 dihentee·

380 1521 547 1608 externis
578 1520 689 1606 etiarn
718 1535 960 1608 merenture
1011 1521 1099 1638 egie
1134 1520 1281 1636 optimis
1338 1518 1536 1608 uibuslibet
1565 1519 1732 1637 patricijs
1768 1519 2013 1612 nobilioribus

378 1634 589 1756 parificarj,
619 1631 842 1726 auctoritate
870 1638 992 1770 regei
1018 1639 1257 1726 decernente.
1312 1551 1404 1750 Qua
1440 1639 1477 1724 in
1507 1652 1615 1760 parte
1645 1666 1780 1767 regum
1806 1637 2012 1730 auctoritas

379 1754 689 1844 excellentissima
710 1751 910 1868 peculiaris
929 1755 1100 1866 suijuris
1118 1755 1213 1870 regij
1235 1755 1276 1839 frt
1296 1753 1497 1840 executrin·
1518 1753 1598 1869 ipsa
1621 1782 1729 1859 enum,
1751 1781 1871 1872 aqua
1893 1758 2013 1848 omnus

379 1871 645 1992 generositatis
655 1868 835 1987 insignia,
855 1867 967 1955 velud
985 1869 1067 1980 (sic)
1089 1869 1182 1986 radij
1205 1869 1414 1956 eradiante
1430 1870 1522 1976 sole,
1537 1871 1625 1986 jure
1641 1883 1816 1990 tanquam
1831 1871 2012 1992 legittimo

379 2002 533 2076 manant
552 2001 590 2074 et
608 1986 815 2106 prodeunt,
842 1995 930 2074 tuuc
950 1987 1009 2074 uel
1031 1987 1190 2075 maxime
1211 1986 1345 2192 fulget,
1366 2015 1451 2072 cum
1471 1990 1645 2104 personis
1668 1989 1843 2078 virtuosis
1865 2003 1903 2104 et
1921 1989 2013 2081 lide·

379 2107 495 2211 libus,
536 2134 644 2224 quas·
670 2119 818 2192 constat
857 2103 928 2192 sub
970 2121 1138 2222 tempore
1173 2104 1507 2193 excelencioribus
1543 2106 1841 2226 quibuscumque
1879 2125 2012 2228 gretes

215 2316 220 2324 ,
381 2223 742 2343 commendatasque
762 2253 871 2327 esse,
901 2221 1286 2338 bonoresimpendit,
1317 2238 1353 2310 et
1384 2253 1453 2309 eos
1484 2224 1589 2340 ipsos
1620 2225 1823 2312 alcioribus
1854 2225 2011 2318 statibus

378 2343 614 2455 ebiliter(sic)
629 2341 851 2448 obtinendis
871 2358 1052 2457 procurat
1067 2355 1104 2429 et
1118 2339 1231 2426 efficit
1245 2354 1427 2457 perpetuo
1445 2342 1631 2457 apciores.
1664 2340 1923 2454 Quamobrem
1940 2373 2012 2434 nos
2103 2387 2104 2390 Ν

378 2460 575 2550 lohannes
606 2459 805 2566 Albertus,
836 2457 896 2548 dei
920 2460 1054 2576 gracia
1083 2458 1172 2547 Rex
1202 2457 1380 2565 Polonie,
1416 2473 1584 2550 necnon
1606 2475 1787 2548 terrarum
1811 2461 2010 2568 Cracouie,

253 2657 256 2662 .
378 2579 635 2682 Sandomirie,
666 2576 835 2679 Siradie,
865 2575 1054 2684 Lancicie,
1078 2576 1284 2692 Cuyauqe,
1306 2578 1512 2693 Supremus
1531 2576 1622 2666 Dux
1642 2575 1838 2683 Litwanie‚
1858 2577 2011 2687 Russie,

377 2697 610 2812 Prussieque
631 2694 811 2782 dominus,
833 2710 870 2782 et
888 2691 1002 2784 heres
1024 2708 1095 2782 etc.
1148 2694 1414 2814 Significamus
1434 2709 1565 2782 tenore
1586 2696 1842 2813 presencium,
1875 2697 2011 2816 quibus

251 2911 258 2926 ¹
377 2814 530 2935 expedit
543 2813 742 2919 universio,
763 2814 1000 2929 presentibus
1022 2827 1061 2899 et
1074 2813 1214 2918 futuris,
1234 2812 1366 2900 harum
1382 2812 1555 2900 noticiam
1572 2812 1771 2902 habitune:
1804 2811 2011 2924 Quomodo

377 2929 676 3021 commendatam
693 2930 875 3020 habentes
895 2963 965 3048 per
984 2930 1273 3020 lllustrissimum
1292 2932 1497 3049 principem
1519 2927 1708 3020 dominum
1729 2929 2025 3040 Allexandrum,

377 3047 512 3137 eadem
533 3047 684 3164 gracia,
714 3045 899 3166 Magnum
919 3048 1068 3135 Ducem
1087 3047 1287 3151 Litwanie,
1307 3078 1528 3166 germanum
1550 3064 1720 3138 nostrum
1741 3047 2011 3155 charissimum,

378 3164 555 3282 Stanislaj
569 3160 775 3270 Oscheilro,
792 3162 952 3251 condam
969 3166 1128 3252 nacione
1141 3167 1454 3285 professioneque
1469 3164 1581 3254 fodei
1595 3165 1792 3269 Lithwani,
1807 3165 2011 3285 aliquando

375 3281 531 3389 Neofrti,
553 3281 634 3398 jam
654 3309 748 3369 vero
767 3281 848 3369 veri
870 3281 1093 3371 Christicole
1112 3282 1303 3401 baptisati,
1330 3285 1503 3370 virtutum
1525 3280 1818 3401 amplitudinem,
1839 3283 1952 3373 fidem
1974 3298 2012 3372 et

291 3441 297 3450 ·
376 3402 489 3489 animi
511 3400 779 3519 integritatem,
811 3398 946 3517 quibus
966 3403 1049 3518 ipse
1069 3413 1156 3516 post
1173 3414 1409 3517 assumptum
1429 3400 1635 3516 baptisma,
1669 3415 1743 3484 tarn
1764 3403 1801 3488 in
1822 3403 2011 3490 constanti

376 3517 589 3606 orthodoxe
609 3514 697 3603 frdei
717 3516 973 3635 professione,
1005 3545 1117 3633 quom
1137 3517 1173 3604 in
1194 3515 1365 3632 ejusdem
1394 3516 1633 3603 illustrissimi
1662 3516 1839 3634 principis
1871 3516 2010 3608 domini

374 3633 510 3755 Magni
529 3634 648 3721 Ducis
668 3631 851 3720 Litwanie
872 3635 1023 3750 officijs,
1045 3635 1270 3751 seruit'orijs,
1302 3663 1379 3721 non
1399 3634 1519 3722 minus
1539 3633 1769 3740 fidelissime,
1792 3664 1903 3756 quam
1926 3636 2009 3723 ofli-

377 3753 501 3860 ciose,
532 3751 749 3872 diligenter,
779 3750 1108 3843 industriosiseime
1128 3766 1166 3839 et
1183 3751 1357 3840 nobiliter
1376 3753 1518 3872 gestia,
1539 3784 1583 3842 se
1603 3753 1725 3842 eidem
1745 3751 1892 3874 Magno
1912 3753 2010 3844 Duci
2043 3817 2048 3836 .
2118 3755 2124 3772 '

375 3869 560 3961 Litwanie
595 3899 781 3989 germano
816 3883 969 3984 nostrp,
1005 3885 1155 3993 gratum
1186 3873 1564 3992 commendatumque
1593 3868 1773 3960 reddidit:
1808 3872 1941 3960 horum
1971 3886 2044 3961 et-

374 3991 532 4080 aliorum
548 3989 860 4076 benemeritorum
881 3989 963 4106 ejus
981 4002 1169 4108 respectu,
1191 3988 1344 4110 dignum
1362 3992 1584 4110 putavimus,
1606 4004 1697 4077 utet
1714 3991 2007 4096 totmeritorum,

263 4108 266 4117 “
375 4119 414 4194 et
442 4105 685 4196 honestarum
716 4106 1089 4196 commendacionum
1120 4110 1202 4226 ejus
1232 4111 1425 4206 racionem
1455 4107 1659 4210 habentes,
1693 4108 1837 4222 premia
1868 4107 2007 4198 meritis

374 4221 492 4343 digna
513 4224 548 4308 ei
566 4219 828 4325 redderemus,
856 4224 962 4310 etde
982 4227 1063 4339 ejus
1085 4224 1277 4314 virtutibus
1307 4226 1556 4314 testimonium
1575 4222 1857 4341 perhiberemus
1877 4240 2006 4362 poste·
2151 4289 2154 4296 -
2259 4245 2261 4252 “

280 4417 286 4426 .
373 4341 471 4458 ritutj
494 4352 725 4458 perpetuum
775 4337 1019 4457 Quapropter
1038 4343 1260 4431 austeritate
1279 4357 1410 4429 nostra
1430 4342 1559 4460 regia,
1588 4373 1661 4460 que
1681 4341 1732 4430 ad
1752 4343 1827 4433 hoc
1845 4374 2007 4434 moxona

375 4471 453 4562 est,
484 4489 569 4546 eum
599 4460 720 4574 ipsum
751 4453 978 4545 Stanislaum
1009 4458 1120 4544 etiam
1150 4472 1258 4560 motu¹
1278 4460 1432 4575 proprio
1453 4447 1668 4566 imbibere,
1700 4460 1928 4564 clarificare,
1958 4490 2006 4550 ex

373 4575 573 4694 humilique
593 4575 833 4681 condicione,
866 4605 940 4693 que
960 4589 1137 4712 tanquam
1156 4575 1290 4695 plebea
1314 4592 1436 4685 esset,
1457 4579 1587 4668 leuare
1607 4593 1645 4666 et
1663 4580 1812 4699 erigere
1833 4578 2005 4666 duximus

375 4705 414 4779 et
433 4694 671 4800 instituimus,
692 4692 1018 4812 nobilitamusque,
1039 4694 1279 4813 insignimus,
1301 4699 1475 4784 creamus
1497 4697 1602 4784 etad
1623 4697 1785 4816 gradum
1806 4696 2005 4785 nobilitatis

374 4809 575 4918 attollimus
586 4879 602 4918 ,,
617 4812 787 4901 leuamus
809 4829 845 4924 et
866 4815 1063 4932 erigimus,
1085 4827 1216 4942 tenore
1236 4816 1476 4934 presencium
1494 4813 1698 4903 mediante:
1718 4817 1838 4935 ipsum
1860 4813 2005 4902 cunctis

1796 4945 1831 5002 ns
