4800 5942
850 649 854 656 ¹
1015 711 1285 790 -ane-

334 926 421 1000 bruc
440 911 534 1028 ipsis
554 909 604 1000 de
622 909 696 998 elio
718 909 776 997 vel
795 911 879 1026 alijs
899 927 1052 1028 pastore
1074 911 1132 998 vel
1153 911 1368 1026 pastoribus
1389 911 1641 1028 providendo,
1667 929 1745 1002 non
1763 913 1958 1002 ‹aliumvel
2024 1013 2027 1022 ἢ

258 1090 261 1099 -
333 1029 431 1116 alios
449 1041 671 1146 presentare
692 1026 893 1132 debemus,
925 1030 995 1118 nisi
1015 1027 1151 1146 lllagni
1170 1028 1341 1118 Ducatus
1360 1029 1479 1118 nostri
1504 1025 1714 1118 Littbreoie
1733 1029 1959 1146 indigenam

334 1146 365 1232 si
380 1145 592 1250 idoneitate,
609 1159 647 1234 et
661 1173 806 1232 morum
822 1147 1035 1234 maturitate
1046 1147 1155 1234 luerit
1169 1162 1395 1262 compertus.
1407 1189 1408 1194 Ν
1421 1145 1488 1232 Sin
1504 1145 1731 1256 euternlsicl:
1748 1147 1960 1236 tuncalten

333 1263 391 1350 ius
405 1261 574 1350 nacionis
590 1289 792 1377 personam
808 1264 932 1352 utilem
949 1277 986 1350 et
998 1261 1194 1352 honestam
1209 1293 1258 1350 eo
1274 1293 1497 1382 congruum,
1517 1288 1590 1374 que
1605 1277 1737 1400 posset
1752 1267 1909 1380 preesse
1924 1280 1962 1352 et

377 1379 532 1481 edesse,
551 1377 771 1468 debebimus
786 1395 1018 1496 presentare,
1039 1380 1195 1486 tociens,
1215 1382 1398 1492 quociens
1414 1408 1511 1497 opus
1524 1382 1634 1472 luent
1646 1395 1684 1470 et
1699 1393 1961 1498 opportunum.

353 1512 425 1586 tem
453 1493 639 1614 predictis,
657 1497 842 1602 Prelatis,
872 1497 937 1585 Pri
990 1497 1129 1600 'ibus,
1159 1497 1395 1603 Beronibus,
1426 1498 1644 1600 Nobilibus,
1674 1515 1717 1586 et·
1741 1497 1960 1588 Civitatibus

333 1613 584 1733 predictarum
615 1627 797 1702 terrarum
826 1528 1162 1735 lllagoiuBuoatus
1192 1615 1419 1719 Littbvenie,
1449 1616 1610 1720 Bessis,
1642 1616 1960 1733 Samegittie'eto.

334 1730 517 1836 dedimus,
538 1729 641 1842 quod
655 1731 706 1820 ed
722 1731 854 1822 nullius
870 1732 1029 1822 hominis
1045 1731 1276 1822 delusionem
1294 1735 1374 1820 siva
1389 1734 1655 1821 eeusaoionem
1672 1731 1754 1846 (sie)
1802 1731 1961 1822 ublieem

333 1848 393 1944 val
409 1849 571 1938 ocultam
581 1850 676 1960 (sie),
690 1881 758 1940 sen
773 1853 944 1961 quemvis
956 1852 1204 1967 suspicionem
1216 1853 1415 1958 sirristmn,
1430 1854 1536 1968 ipsos
1553 1850 1760 1967 Principes,
1774 1763 1962 1954 Berones,

249 2035 251 2040 .
315 1963 492 2056 'Nobdes
510 1980 549 2055 et
571 1965 705 2073 Cives,
737 1970 929 2088 castigare
959 1968 1130 2056 volumus
1155 1999 1223 2058 seu
1244 1970 1376 2085 punire
1406 1992 1641 2080 quacumque
1671 1998 1789 2086 peno,
1821 1968 1964 2056 seilicet

267 2109 270 2114 ’
334 2087 517 2173 bonorum
538 2083 756 2190 ablacione,
781 2086 1008 2202 pecuniaria,
1031 2089 1206 2190 carceris,
1227 2101 1292 2176 eut
1312 2088 1533 2204 sanguinis:
1554 2087 1624 2174 m'si
1645 2088 1748 2201 prius
1769 2083 1963 2202 injudicio
2102 2163 2104 2168 .

336 2202 548 2304 marrilesto,
573 2203 671 2318 Juris
691 2201 822 2292 ordine
846 2201 1035 2292 kadrolico
1061 2203 1278 2308 observato,
1309 2218 1439 2296 actore
1459 2219 1584 2292 atreo
1604 2202 1851 2318 personaliter
1869 2232 1962 2290 oon·

335 2321 479 2424 stitutis,
499 2319 649 2408 realiter
663 2317 799 2410 luerint
813 2321 984 2408 convicti:
1005 2323 1066 2432 qui
1088 2335 1175 2439 post
1195 2320 1367 2408 iudicium
1389 2337 1425 2408 et
1440 2321 1722 2408 convincionem
1742 2319 1964 2424 huiusmodi,

335 2438 437 2526 iuxta
453 2436 767 2526 consuetudinem
786 2452 825 2528 et
838 2441 925 2553 jura
956 2437 1085 2556 Regni
1116 2438 1276 2526 Polonie
1306 2437 1445 2525 debent
1472 2438 1652 2640 oestiperi
1673 2452 1710 2524 et
1730 2436 1964 2542 sentenciari,

336 2553 543 2643 seeundum
563 2583 719 2644 suorum
741 2585 965 2643 excessuum
986 2555 1199 2666 qualitatem
1221 2569 1257 2640 et
1274 2557 1525 2666 quantitatem.
1588 2569 1658 2642 tem
1681 2553 1781 2664 qnod
1803 2582 1875 2669 pro
1895 2555 1965 2640 cri·

335 2673 434 2760 mine
455 2671 681 2790 cuiuspiam,
712 2672 835 2760 nullus
854 2673 971 2775 alius,
1002 2670 1150 2760 nisibis
1171 2671 1254 2782 (sic)
1273 2673 1348 2787 xqni
1367 2673 1539 2788 peccavit
1559 2686 1595 2758 et
1615 2670 1786 2780 deliquit,
1817 2699 1967 2786 semper

334 2803 460 2878 nmen
475 2790 573 2905 juris
590 2787 767 2890 ¹lratbolioi
788 2788 920 2880 ordine
938 2789 1163 2894 observato,
1191 2789 1386 2878 convictus
1405 2785 1625 2900 iudioielitor
1645 2801 1685 2874 et
1702 2786 1967 2892 sentenciatns,
2119 2854 2122 2866 .

335 2907 519 3022 puniatur.
562 2905 619 2992 lta
641 2905 830 2994 videlicet:
851 2905 954 3016 qnod
974 2936 1046 2994 aeo
1068 2935 1164 2993 uxor
1184 2933 1256 3022 pro
1276 2907 1429 2993 arimino
1449 2907 1507 2993 sui
1524 2904 1658 3008 mmiti,
1678 2932 1750 2990 neo
1770 2914 1877 3019 pater
1897 2929 1966 3016 pro

337 3022 490 3110 erimine
509 3020 594 3136 filij:
625 3033 661 3106 et
682 3050 704 3106 e
723 3050 935 3124 converso,
954 3051 1034 3108 neo
1053 3019 1187 3132 aliquis
1208 3035 1395 3138 cognatus
1414 3037 1480 3108 eut
1497 3051 1654 3110 servus:
1685 3019 1753 3106 nisi
1773 3017 1862 3106 dnm
1882 3019 1967 3128 quis

363 3139 530 3252 artioeps
543 3150 648 3225 esset
661 3136 824 3224 criminis
841 3135 1097 3247 delinquentis:
1113 3137 1326 3226 criminibus
1341 3137 1421 3225 lese
1436 3139 1638 3226 maiestatis
1655 3136 1774 3224 solum
1790 3135 1968 3250 exceptis:

336 3168 704 3344 llemoonoedimus:
725 3269 765 3344 ut
784 3253 999 3371 Principes,
1030 3250 1198 3360 Nobiles,
1222 3253 1400 3344 Berones
1420 3269 1459 3342 et
1476 3254 1621 3371 Boyari
1641 3249 1858 3369 supradicti,
1880 3252 1966 3342 libe·

338 3403 417 3461 ram
442 3370 612 3460 babeant
639 3370 851 3462 facultatem
884 3370 1043 3462 emundi
1075 3371 1123 3460 de
1154 3373 1261 3459 terris
1289 3373 1379 3487 ipsis
1410 3373 1548 3458 nostris
1578 3367 1874 3488 lllngniduoatns
1894 3385 1964 3458 eto.

339 3519 456 3578 eausa
476 3489 661 3580 uberioris
680 3489 829 3580 lortuno
850 3487 1098 3600 acquirendo,
1129 3505 1167 3578 et
1185 3505 1335 3576 acutum
1356 3488 1561 3576 militarium
1583 3485 1895 3589 exercendorum,
1917 3486 1967 3574 ad
2089 3575 2092 3584 ,

339 3605 522 3718 quaslibet
538 3621 657 3696 terras
674 3622 835 3695 exteros:
850 3607 1018 3724 partibus
1032 3619 1248 3698 nostronun
1262 3607 1493 3694 inimicorum
1510 3604 1691 3692 duntaxat
1706 3605 1883 3720 exceptis.
1911 3601 1967 3690 lta

338 3741 474 3826 mmen,
494 3721 595 3835 quod
617 3721 795 3814 debonis
815 3727 995 3842 ipsorum,
1015 3725 1073 3811 sie
1093 3725 1323 3826 exeducium,
1344 3724 1504 3816 servicia
1523 3738 1655 3810 nostra
1677 3750 1751 3822 nou
1767 3720 1966 3840 negligam·
2004 3800 2008 3815 .

339 3857 415 3932 ture
437 3837 642 3946 sednobis,
663 3856 727 3931 aut
747 3841 1036 3932 suecessoribus
1056 3843 1213 3946 nostris,
1235 3858 1411 3957 tanquam
1431 3843 1523 3959 ipsis
1543 3840 1790 3956 presentibus,
1813 3839 1967 3940 tociens,
2113 3895 2117 3900 -

338 3959 529 4078 quooiens-
541 3959 650 4050 luerit
664 3969 927 4076 opportunum,
948 3958 1193 4050 exhibeantur
1213 3975 1251 4048 et
1266 3961 1524 4048 ministrentur.
1564 3958 1656 4046 ltere
1672 3956 1803 4073 prelati
1823 3953 1967 4043 Prinei·

339 4107 420 4193 pes,
439 4075 627 4181 Berones,
648 4073 807 4168 Nobiles
820 4094 859 4168 et
874 4079 999 4180 Cives,
1019 4077 1122 4168 boue
1137 4108 1267 4166 eornnr
1285 4077 1564 4192 patrimonialia,
1578 4101 1648 4162 seu
1664 4074 1754 4188 ipsis
1770 4070 1870 4175 data,
1885 4071 1966 4160 sive
2117 4182 2121 4189 ι

339 4193 477 4283 donata
494 4221 563 4308 per
577 4194 788 4308 preclarum
808 4194 1020 4310 Principem
1040 4195 1227 4282 dominum
1251 4193 1504 4300 Alexaodmm
1520 4192 1615 4278 alias
1631 4186 1967 4278 Witnwdnm'dive
2199 4287 2203 4298 ‚

339 4310 527 4414 memorie,
546 4321 832 4399 antecessorem
852 4323 890 4394 et
910 4323 1081 4424 patruum
1102 4324 1269 4398 noenum
1288 4311 1544 4410 carissimum,
1576 4336 1624 4394 ac
1642 4306 1877 4396 donaciones
1898 4336 1966 4422 par
2121 4375 2132 4390 .

338 4427 508 4523 ttureen
525 4426 616 4537 (sin)
633 4424 821 4516 domimum
852 4427 895 4516 Si
928 4426 935 4443 '
998 4426 1133 4516 ,ndum
1162 4441 1232 4514 eto.
1261 4425 1423 4514 donatas
1444 4426 1640 4528 allectas,
1671 4453 1766 4542 quas
1787 4436 1966 4526 tenentes,

339 4547 540 4648 babentes,
561 4558 600 4634 et
618 4541 876 4662 possidentes,
925 4573 1095 4632 aearum
1116 4543 1366 4633 donacionum
1387 4542 1592 4747 privilepijs
1611 4543 1672 4631 vel
1689 4540 1890 4658 privilegio
1910 4538 1965 4626 le·-

340 4664 485 4782 gittimo
502 4675 545 4752 ot
564 4663 779 4768 sufficienti,
809 4693 857 4752 ao
877 4689 1050 4782 congruo
1071 4661 1281 4750 testimonio
1300 4662 1459 4763 testium,
1479 4692 1527 4750 re
1559 4661 1756 4748 munimine
1777 4657 1965 4746 literarum

341 4782 528 4897 potuerint
547 4781 710 4894 probare
729 4793 768 4871 at
788 4779 949 4886 dooere,
980 4781 1061 4896 pari
1075 4780 1163 4896 jure
1183 4779 1391 4884 obtineant,
1411 4780 1509 4868 siout
1530 4778 1746 4893 Principes,
1777 4772 1964 4878 aarum,
