4870 5948
1985 758 2025 810 rt

394 928 731 1028 praestantissimum
742 929 826 1002 sore
864 927 1035 1005 Attamen
1051 927 1152 1002 labor
1166 925 1339 1002 hicfinem
1356 929 1575 1028 propositum
1589 949 1661 1002 non
1674 927 1800 1027 attigit
1839 925 1926 1004 Tres
1938 951 2025 1002 non·

393 1029 464 1104 nisi·
476 1029 563 1104 tomi
580 1029 675 1127 typis
691 1029 848 1130 expressi
863 1039 957 1119 sunt,
974 1029 1034 1124 qui
1051 1029 1130 1102 licet
1145 1051 1218 1102 non
1234 1023 1394 1119 absoluti,
1411 1050 1551 1128 semper
1562 1039 1681 1103 tamen
1694 1031 2025 1104 eruntluculentum

393 1125 484 1202 illius
513 1128 640 1202 saeculi
665 1138 950 1219 monumentum,
980 1129 1332 1226 exoptatissimusque
1354 1130 1540 1204 thesaurus
1565 1129 1730 1202 historiae
1754 1127 2026 1203 conscribendae

393 1226 687 1301 accommodatus:
704 1252 918 1324 quamquam
934 1253 1006 1301 non
1022 1229 1194 1302 immerito
1212 1231 1345 1302 auctori
1362 1230 1467 1326 hujus
1483 1230 1598 1327 operis
1615 1229 1716 1325 objici
1733 1240 1859 1326 potest,
1877 1227 1973 1325 quud
1988 1229 2025 1302 iu

393 1325 614 1402 recensendis
632 1326 849 1401 documentis
866 1353 939 1400 non
948 1383 956 1418 ,
983 1340 1025 1401 ut
1041 1353 1106 1426 par
1123 1339 1208 1417 erat,
1229 1340 1305 1402 arte
1321 1329 1438 1401 critica
1454 1354 1540 1402 usus
1558 1331 1613 1419 sit,
1629 1353 1744 1424 neque
1760 1331 1796 1401 in
1812 1330 1853 1402 iis
1869 1327 2025 1426 legendis

393 1427 618 1599 praecipuam
648 1451 768 1500 curam
799 1439 835 1500 et
851 1427 1090 1502 assiduitatem
1119 1427 1333 1518 adhibuerim
1369 1429 1517 1525 denique
1542 1426 1638 1525 quod
1662 1429 1800 1502 nonnisi
1825 1425 2026 1530 colligendis

419 1526 641 1626 'plomatibus
658 1526 704 1599 ad
722 1537 855 1602 statum
871 1528 1050 1624 publicum
1066 1529 1313 1626 spectantibus,
1330 1524 1473 1626 operam
1489 1528 1633 1602 dederit

403 1667 408 1674 ·
495 1625 583 1700 Post
607 1625 812 1724 Dogielum,
838 1637 953 1700 totum
970 1653 1082 1725 paene
1099 1629 1277 1701 saeculum
1302 1631 1460 1729 elapsum
1477 1639 1548 1718 est,
1574 1653 1644 1725 quo
1661 1631 1829 1726 temporis
1846 1628 1959 1726 spatio
1976 1625 2025 1700 nil

394 1727 647 1825 praestiterunt
662 1727 727 1799 viri
744 1725 846 1818 docti,
863 1729 929 1801 nisi
945 1728 1041 1824 quod
1056 1729 1165 1802 firmia
1180 1731 1272 1802 vires
1289 1753 1373 1803 suas
1388 1727 1624 1802 tentaverunt
1674 1726 1813 1803 Primus
1829 1722 2025 1804 Edwardus

396 1825 525 1901 Comes
550 1825 747 1926 Raczyhski
773 1851 894 1900 curam
919 1853 1131 1929 operamque
1148 1830 1265 1926 posuit
1281 1831 1316 1905 in
1332 1829 1532 1926 colligendis
1549 1839 1655 1925 atque
1672 1829 1815 1903 edendis
1832 1825 2026 1926 diplomati·

315 1927 323 1938 '
393 1925 461 2002 ltus
478 1928 703 2023 angenoun
719 1938 852 2000 statrun
870 1939 906 2002 et
922 1928 1157 2002 conditionem
1173 1931 1278 2004 unius
1293 1930 1493 2027 provinciae
1510 1930 1675 2025 antiquae
1689 1928 1865 2002 Palaniae
1914 1924 2026 2002 &dea

392 2023 634 2124 diplcruaticus
650 2026 794 2125 lsetjorris
810 2027 973 2102 Poenina
987 2030 1033 2101 ab
1053 2055 1094 2102 eo
1113 2029 1235 2120 aditus,
1254 2032 1387 2103 etiamsi
1400 2029 1557 2127 pluribus
1570 2029 1653 2103 locis
1666 2029 1901 2127 corrigendus,
1919 2039 2026 2124 atque

305 2133 306 2136 ’
392 2128 598 2222 neutiquam
623 2129 816 2224 perlectus,
840 2152 914 2200 non
939 2129 1038 2225 parvi
1064 2140 1182 2202 tamem
1209 2141 1264 2202 est
1282 2131 1459 2203 momenti.
1511 2128 1599 2203 Post
1614 2139 1762 2203 mortem
1790 2129 1934 2204 Comitis
1958 2125 2026 2201 Ra·

394 2227 554 2324 azynscii,
574 2222 686 2300 &dee
701 2225 942 2322 diplcruutiuts
958 2227 1173 2317 maumam,
1191 2253 1276 2302 eura
1292 2231 1367 2326 ejus
1384 2231 1559 2320 collectus,
1577 2232 1672 2331 typis
1689 2253 1876 2325 expressus
1894 2240 1956 2302 est

498 2323 663 2398 Pluribus
696 2327 802 2420 hujus
836 2327 974 2420 generis
1002 2329 1166 2420 operibus
1195 2329 1334 2422 gloriari
1367 2353 1441 2399 nan
1474 2351 1671 2424 possumus.
1729 2327 1902 2418 Plurima,
1936 2351 2028 2422 quae

278 2423 281 2428 ’
394 2422 631 2522 possidemus,
655 2445 803 2519 corpora
827 2425 948 2518 legum
971 2434 1008 2494 et
1024 2433 1239 2495 statutorum
1264 2451 1286 2496 a
1312 2425 1458 2494 divum
1480 2425 1635 2517 Regibus
1655 2428 1693 2494 in
1709 2425 1852 2497 diversis
1871 2426 2027 2500 comitiis

392 2523 563 2612 latorum,
591 2531 674 2594 sunt
699 2519 840 2617 quidem
866 2522 1040 2616 praecipui
1066 2519 1230 2594 historiae
1247 2521 1381 2608 sontes,
1406 2527 1561 2592 atamen
1588 2519 1773 2595 (lodicibus
1798 2523 2028 2620 diplomaticis
2057 2601 2063 2610 ,

393 2621 615 2698 adnumerari
631 2645 704 2693 non
720 2630 878 2718 passuum
929 2616 1032 2716 Opus
1055 2621 1170 2716 igittm,
1196 2619 1292 2714 quod
1304 2620 1516 2693 universum
1540 2632 1749 2718 apparatum
1766 2621 2026 2720 diplomaticum

394 2723 536 2820 penitus
559 2721 764 2811 exhauriat,
788 2719 902 2792 adhuc
924 2719 1019 2816 apud
1045 2743 1111 2792 nos
1135 2719 1369 2793 desideratur:
1396 2730 1434 2792 at
1459 2731 1598 2810 cenna,
1624 2723 1758 2796 nullum
1775 2725 1849 2795 fere
1866 2736 1920 2798 est
1936 2747 2027 2823 opus

261 2911 264 2918 .
393 2821 606 2910 historicum,
623 2815 855 2894 anterioribus
872 2819 1088 2915 temporibus
1104 2821 1141 2892 in
1159 2817 1307 2892 Polonia
1323 2818 1466 2909 edimm,
1482 2820 1519 2891 in
1535 2844 1606 2916 quo
1623 2841 1694 2894 non
1707 2824 1866 2896 invenias
1876 2827 2026 2921 plurium

394 2919 604 3018 diplomata,
632 2919 818 3018 probantia
842 2943 917 2992 rem
942 2930 1049 3015 atque
1074 2920 1241 3015 temporis
1265 2931 1446 2996 momenta
1471 2918 1629 3017 inopere
1649 2931 1810 2994 macuta
1860 2921 1953 2998 Sunt
1967 2927 2026 2998 illa

397 3019 537 3117 quidem
565 3018 719 3118 dispersa
749 3031 785 3093 et
808 3019 939 3116 passim
963 3020 1156 3115 permixta,
1186 3029 1341 3092 attamen
1368 3021 1536 3093 exhibent
1564 3020 1837 3117 copiosissimum
1863 3023 2026 3100 historiae

396 3130 617 3238 apparatum.
667 3117 856 3192 Innumero
875 3119 961 3192 haec
978 3118 1167 3215 diplomate
1190 3119 1227 3192 in
1241 3120 1347 3192 variis
1364 3120 1527 3217 operibus
1543 3121 1638 3218 typis
1656 3124 1829 3226 expressis
1845 3147 2027 3199 occurren·
2177 3193 2182 3206 .

395 3229 464 3310 tra,
480 3243 608 3318 parum
624 3219 826 3297 conducunt
841 3217 887 3291 ad
905 3218 1020 3292 studia
1035 3220 1203 3292 litteraria
1218 3217 1397 3316 augenda,
1426 3219 1530 3316 idque
1546 3223 1751 3316 praesertim
1768 3221 1859 3312 hauc
1875 3223 1922 3296 ob
1939 3250 2024 3318 rem,

396 3319 492 3418 quod
508 3320 586 3392 libri
602 3321 786 3409 rarissimi,
812 3318 938 3414 quibus
955 3320 1014 3390 illa
1029 3319 1266 3408 continentur,
1295 3343 1369 3391 non
1392 3321 1516 3416 cuique
1541 3319 1587 3391 ad
1611 3345 1756 3394 manum
1774 3347 1850 3396 esse
1865 3335 2024 3421 possunt,
2123 3365 2128 3374 ·

395 3419 560 3518 quodque
576 3420 653 3517 ipsa
670 3419 859 3517 diplomata
875 3418 1003 3492 ibidem
1019 3420 1165 3492 confusa
1186 3430 1222 3492 et
1237 3419 1404 3518 dissipata
1419 3420 1650 3492 inveniuntur.
1700 3421 1811 3516 Atqui
1828 3424 1949 3497 eedem
1966 3426 2025 3498 illa

393 3521 577 3593 innumera
590 3520 791 3617 diplomata
816 3520 967 3591 multum
984 3520 1141 3592 officiunt
1158 3518 1293 3592 edendo
1310 3517 1418 3591 codici
1435 3517 1674 3616 diplomatica,
1700 3545 1810 3616 quum
1827 3547 1916 3620 opus
1933 3522 2023 3619 ejus

394 3619 490 3692 modi
509 3618 619 3693 doctis
635 3621 718 3692 viris
734 3620 877 3692 nonnisi,
887 3621 1026 3715 ignotos
1044 3620 1160 3692 fontes
1177 3619 1299 3710 offere,
1317 3617 1524 3692 nouantem
1536 3619 1617 3716 jam
1628 3622 1723 3719 typis
1741 3647 1942 3718 expressos,
1960 3632 2024 3698 aut

396 3721 511 3814 aliquo
538 3717 644 3792 modo
669 3720 832 3817 vulgatos
857 3729 1016 3817 repetere
1041 3718 1176 3792 debeat
1227 3717 1456 3792 Doctissimus
1481 3716 1584 3794 lisch
1607 3722 1644 3793 in
1668 3723 1884 3818 praefatione
1908 3725 2023 3821 operis

396 3819 450 3894 sui
475 3819 780 3918 retenemus
811 3819 1011 3914 muana,
1036 3829 1132 3894 recte
1156 3819 1360 3892 affimavit:
1387 3822 1609 3917 „priusquam
1635 3819 1757 3895 Codex
1782 3821 2024 3920 diplomaticus

303 3929 308 3945 '
396 3918 492 4019 typis
508 3920 729 4017 vulgaretur,
755 3919 982 3996 &nuendum
993 3945 1093 4011 esse,
1117 3931 1159 3994 ut
1174 3920 1392 4018 plenissimus
1409 3920 1516 3994 index
1531 3923 1687 3994 omnium
1704 3921 1932 4019 diplomatum
1948 3922 2023 3997 ubi·

395 4043 546 4115 cumque
570 4021 665 4122 typ’s
690 4043 937 4118 expressorum
962 4021 1198 4117 colligeretur5
1229 4021 1324 4117 quod
1349 4023 1378 4094 si
1403 4020 1573 4116 ejusmodi
1602 4019 1730 4094 indices
1754 4023 2023 4120 negligerenttm,

301 4181 310 4196 .
396 4142 540 4193 omnem
556 4145 700 4218 operam
717 4121 916 4194 ulteriorem
932 4123 1047 4196 minus
1064 4122 1183 4194 utilem
1199 4123 1284 4195 furer
1302 4146 1409 4217 quum
1427 4121 1663 4194 deficientibus
1675 4121 1844 4195 historicis
1856 4123 2023 4215 fontibus,

397 4218 506 4316 codici
532 4219 752 4318 diplomatico
775 4222 898 4317 ignota
920 4222 1033 4294 solum
1050 4223 1283 4295 instrumenta
1297 4220 1481 4300 inserenda
1496 4225 1643 4294 essent“
1693 4218 1905 4296 Persuasum
1921 4221 2023 4304 nobis'

396 4335 452 4394 est
467 4316 512 4393 de
528 4322 677 4394 utilitate
695 4321 866 4418 ejusmodi
882 4320 1010 4410 indicis,
1028 4323 1087 4416 qui
1102 4347 1232 4419 magno
1251 4321 1351 4394 nobis
1367 4321 1568 4417 adjumento
1587 4330 1679 4393 esset
1695 4321 1730 4392 in
1744 4322 1878 4395 edendo
1891 4322 2021 4414 codice,

395 4443 500 4515 quem
517 4419 620 4497 hodie
641 4421 679 4494 in
693 4423 809 4495 lucem
825 4421 1011 4494 cadmus:
1036 4423 1156 4516 imque
1171 4423 1331 4494 damner
1346 4419 1561 4516 suscepimus
1574 4421 1671 4496 bunc
1687 4421 1845 4494 laborem
1860 4423 1918 4520 qui
1934 4447 2021 4496 mox

390 4521 467 4616 jam
480 4522 597 4608 ,finem
621 4522 780 4617 attinget
830 4521 887 4594 Ex
909 4522 1169 4618 quinquaginta.
1180 4522 1284 4593 nobis
1298 4521 1389 4592 notis
1407 4521 1572 4617 operibus
1587 4521 1772 4618 polonicis,
1789 4523 1967 4611 'bisensis
1983 4531 2021 4596 et

390 4619 564 4716 juridicis,
579 4621 801 4696 brevissimos
816 4622 1055 4718 excerpsimus
1071 4621 1201 4694 indices
1217 4621 1445 4717 diplomatum
1461 4620 1587 4693 ibidem
1602 4623 1796 4714 allatorum
1824 4653 1827 4660 ·
1847 4619 2019 4695 Evolvam

396 4719 442 4790 do
459 4745 567 4816 opera
578 4722 740 4798 historica
752 4723 800 4794 ab¹
811 4723 941 4795 exteris
954 4722 1099 4819 populis,
1118 4716 1310 4810 Gauranis,
1328 4718 1445 4811 Gallis,
1462 4722 1595 4818 Anglis,
1613 4718 1742 4810 Suecis,
1759 4719 1853 4794 Italis
1866 4723 2019 4819 religata,

396 4814 686 4914 deprehendimus
702 4823 925 4920 septuaginta
936 4824 1054 4911 ferme,
1071 4820 1196 4916 quibus
1212 4823 1434 4896 continentum
1449 4819 1638 4918 diplomata
1654 4819 1835 4896 historiam
1849 4821 2021 4895 Polonam

1813 4935 1831 4989 b
