4780 5922
1119 757 1391 828 ..ipo-

263 957 291 1058 ,⁸
430 951 727 1064 armeniensis,
758 957 1076 1048 Sandomiriensis
1098 971 1136 1044 et
1156 955 1435 1062 Sandcoensis,
1465 953 1516 1043 ed
1536 955 1792 1048 universorum
1814 970 1887 1044 tam
1907 987 2068 1075 presen-

439 1083 557 1187 cium,
589 1107 698 1197 quam
720 1079 926 1164 futurorum
946 1077 1142 1182 noticiam,
1174 1073 1395 1162 deducimus
1416 1105 1486 1192 per
1506 1087 1716 1191 presentes-
1756 1072 1876 1186 Quod
1892 1074 1943 1162 ad*
1962 1105 2067 1166 man-

439 1199 564 1285 datum
586 1195 749 1313 speciale
770 1195 999 1283 serenissimi
1021 1195 1198 1312 principis
1215 1193 1353 1282 domini
1370 1193 1498 1298 nostri,
1520 1191 1699 1282 Kazimiri
1714 1191 1923 1310 dei-gracia
1941 1193 2067 1312 Regis

437 1315 615 1419 Polonie,¹
646 1315 891 1432 promittimus
913 1329 950 1401 et
970 1312 1202 1429 spondemus
1224 1345 1270 1400 ex
1292 1327 1396 1398 certa
1417 1313 1599 1416 sciencia,
1620 1309 1720 1398 bona
1740 1309 1833 1416 lide,
1855 1311 2066 1401 reuereudo

438 1451 474 1523 et
489 1434 776 1550 religiosossviro
798 1431 950 1519 domino
970 1444 1007 1519 et
1026 1432 1127 1518 lratri
1159 1429 1359 1546 liudolpho
1393 1429 1519 1548 Cunig
1538 1431 1723 1546 magistro
1744 1429 1913 1546 generali
1934 1444 1971 1516 et
1989 1431 2066 1516 lra-

438 1553 555 1639 tribus
571 1543 713 1638 ordinis
728 1549 840 1637 beate
859 1548 983 1636 Marie
1004 1549 1139 1636 domus
1160 1549 1424 1650 thewthonice
1447 1547 1550 1667 quod
1571 1549 1605 1634 si
1623 1545 1722 1634 idem
1742 1547 1914 1637 domnus
1935 1563 2066 1638 noster

436 1670 523 1758 Rex
553 1671 611 1755 uel
645 1670 766 1788 quiuis
797 1667 877 1784 alij,
913 1669 1181 1785 cuiuscumque
1212 1673 1351 1771 status,
1382 1667 1600 1786 dignitatis,
1630 1663 1863 1754 condicionis
1893 1667 2064 1770 existant,

425 1785 678 1876 concordiam
697 1787 821 1874 initanr
852 1802 889 1873 et
909 1784 1063 1873 leliciter
1082 1797 1341 1872 consummem
1363 1815 1447 1872 oum
1469 1784 1650 1901 predictis
1670 1785 1852 1902 magistro
1883 1795 1920 1870 et
1937 1784 2063 1870 iratri-

340 1933 348 1945 ·
417 1906 507 1994 ”bus
527 1904 734 2008 violabunt,
767 1903 1086 1991 contraueniendo
1117 1904 1196 1990 iure
1227 1902 1286 1989 uel
1318 1904 1438 2009 lacto,
1472 1901 1750 2020 quomodolibet
1769 1919 1910 2006 ,eontra
1930 1903 2064 2019 ipsum,

437 2023 640 2111 occasione
659 2035 841 2109 terrarum
863 2021 1111 2125 Pomoranie,
1144 2020 1356 2108 Culmensis
1377 2034 1415 2109 et
1433 2020 1759 2125 lllichalouionsis,
1791 2050 1906 2138 super
1926 2018 2067 2136 quibus.

438 2157 496 2228 est
514 2139 719 2228 concordia
739 2139 950 2226 huiusmodi
970 2153 1202 2246 consumata,
1225 2139 1345 2226 eidem
1366 2139 1517 2228 donnino
1540 2152 1671 2227 nostro
1691 2137 1811 2257 Regi,
1833 2138 1894 2226 uel
1915 2137 2064 2232 cuilibet

437 2259 560 2364 alteri,
593 2260 655 2378 qui
675 2258 879 2346 occasione
898 2257 1150 2374 predictarum
1173 2261 1375 2364 terrarum,
1407 2260 1629 2379 magistrum
1661 2270 1699 2343 et
1717 2259 1850 2346 iratres
1872 2255 2065 2374 predictos

436 2379 531 2466 lorte
550 2378 767 2492 inpeterent,
787 2405 862 2462 non
883 2379 1116 2484 assistemus,
1138 2407 1209 2464 nec
1230 2408 1326 2482 eum,
1348 2378 1408 2465 uel
1424 2407 1493 2464 eos
1511 2376 1719 2462 iuuabimus
1739 2376 1858 2464 uerbo
1876 2375 1934 2464 uel
1951 2375 2061 2480 lacto,

318 2583 323 2594 ,
436 2494 591 2584 consilio
605 2495 665 2581 uel
681 2494 997 2610 auxilio‚·publice
1017 2494 1078 2580 uel
1100 2496 1257 2598 occulte,
1278 2495 1329 2582 ad
1349 2494 1613 2613 inpediendum
1634 2491 1717 2604 (sic)
1738 2491 1955 2582 huiusmodi·
1969 2521 2062 2580 con·

437 2612 616 2716 cordiam,
646 2609 706 2696 uel
728 2611 888 2698 totaliter
908 2595 1176 2728 dissipandam,
1196 2611 1266 2710 scd
1289 2615 1421 2730 pocius
1442 2613 1763 2714 manutenebimus
1783 2641 1878 2714 eum,
1899 2609 2062 2698 hortabi-

347 2800 354 2812 .
437 2759 518 2814 mur
537 2726 705 2832 fideliter,
728 2742 765 2813 et
785 2729 1024 2814 consulemus
1046 2730 1252 2834 salubriter,
1274 2747 1385 2866 prout
1407 2733 1536 2820 melius
1556 2731 1759 2850 poterimus
1781 2729 1880 2818 bona
1900 2726 1987 2827 fide,
2008 2725 2060 2812 ad

436 2845 596 2935 candem
617 2843 858 2934 concordiam
878 2845 1091 2933 firmiter-et
1109 2847 1368 2960 inviolabiliter
1388 2849 1683 2938 obseruandum
1725 2845 1776 2934 Et
1795 2857 1834 2934 ut
1855 2845 2061 2964 bonepro-
2087 2947 2090 2956 Ι

436 2961 651 3052 missionem
681 2979 848 3052 nostram
879 2965 981 3052 iuxta
1011 2964 1175 3053 debitum
1205 2967 1608 3086 plomus'inpleamus,
1640 2975 1838 3083 presentes
1861 2962 2004 3052 litteras
2022 2962 2066 3050 in

204 3169 207 3184 ,
437 3083 685 3196 testimonium
721 3081 835 3194 scribi
870 3085 1061 3188 lecimus,¹
1085 3100 1124 3171 et
1155 3084 1368 3204 sigillorum
1397 3103 1610 3176 nostrorum
1645 3086 1843 3172 munimine
1878 3080 2067 3200 roborari

300 3261 308 3286 r
435 3201 571 3286 Actum
603 3200 788 3287 Cracouie
818 3202 854 3287 in
875 3200 934 3288 die
955 3201 1146 3290 diuisionis
1168 3203 1444 3320 apostolorum,
1475 3236 1576 3294 anno
1601 3203 1741 3292 domini
1757 3200 1959 3312 millesimo
1985 3213 2090 3284 tre·-

437 3315 641 3406 centesimo
662 3316 961 3436 guadragesinro
983 3320 1110 3406 tercio.
1425 3316 1430 3322 ’

435 3605 534 3667 santet
547 3609 664 3684 portam
679 3609 833 3684 apertam,
855 3603 887 3668 in
902 3623 962 3688 qua
976 3610 1036 3668 stat
1051 3603 1134 3668 miles
1149 3611 1284 3670 armatus
1290 3625 1298 3680 ;
1321 3613 1426 3690 portae
1441 3605 1601 3670 imminent
1615 3614 1677 3671 tres
1690 3609 1797 3678 turres,
1816 3622 1946 3687 quarum
1961 3604 2060 3670 media

435 3691 543 3751 ornata
552 3691 599 3748 est
610 3685 709 3769 aquila
745 3685 861 3751 oloniea
876 3695 962 3752 scuto
975 3687 1151 3785 triangulari
1165 3689 1269 3754 incise.
1291 3692 1326 3754 ln
1338 3683 1444 3755 dextra
1457 3689 1537 3755 turri
1552 3689 1717 3774 adspicitur
1731 3690 1830 3770 imago
1845 3688 1947 3755 Sancti
1962 3687 2061 3754 Stani·

435 3767 499 3845 slei,
513 3768 664 3850 inscripta:
675 3766 706 3832 S.
716 3706 952 3845 STANISLAV,
965 3772 996 3836 in
1009 3771 1128 3841 simetra
1140 3793 1212 3841 vero
1222 3775 1323 3860 imago
1334 3774 1438 3840 Sancti
1448 3773 1615 3852 Veneeslai,
1629 3787 1660 3854 et
1669 3774 1753 3852 iuxta
1763 3782 1903 3847 ctttclae
1913 3780 1984 3838 sunl
1995 3775 2061 3839 lite·

434 3872 496 3918 rae:
510 3849 541 3916 S
549 3849 797 3948 venceslai.
821 3853 865 3918 Ex
876 3859 1003 3938 utraque
1018 3863 1101 3938 parte
1115 3857 1245 3921 turrium
1261 3859 1405 3924 collocata
1416 3865 1488 3924 sunt
1498 3859 1559 3924 duc
1571 3878 1661 3943 parva
1673 3864 1758 3922 scuta
1770 3857 1973 3941 triangularis,
1985 3878 2061 3943 quo-

434 3956 503 4002 rum
524 3943 687 4022 utrumque
705 3943 841 4002 eontinet
855 3937 941 4002 binos
956 3937 1085 4022 gryphos
1100 3939 1191 4004 dorso
1207 3940 1245 4004 ad
1260 3963 1293 4006 se
1309 3963 1486 4017 conuersos,
1509 3963 1601 4020 super
1616 3950 1699 4009 scuto
1715 3943 1827 4026 positae
1842 3949 1914 4005 sunt
1928 3961 2060 4007 coronae

435 4019 544 4103 rogiae,
558 4039 650 4103 super
663 4019 830 4105 quamlibet
840 4041 945 4087 eorum
962 4041 1020 4084 una
1033 4021 1129 4096 seta,
1143 4024 1259 4090 scilicet
1274 4025 1352 4090 duae
1367 4045 1457 4108 super
1471 4028 1627 4112 quodlibet
1640 4035 1775 4102 suatum..
1789 4027 1821 4089 ln
1834 4025 1962 4090 circudu
1973 4026 1998 4090 si
2021 4027 2062 4091 ‘lli

434 4103 575 4200 leguntur
589 4112 749 4190 sequentes
763 4125 861 4172 voeest
874 4105 905 4172 S.
921 4105 1143 4176 coustituit
1156 4109 1210 4176 ET
1226 4110 1505 4180 comburentis
1520 4109 1718 4182 Gtvttttts
1732 4107 1950 4180 cuacovttt.
2048 4145 2061 4160 ·
2147 4181 2149 4184 .

437 4188 647 4282 rumsrgillum
665 4189 787 4258 exhibet
799 4191 960 4276 imaginent
977 4191 1102 4277 alicujus
1124 4192 1226 4262 Sancti
1242 4196 1286 4272 uel
1302 4195 1430 4262 Sanctae
1445 4196 1577 4264 sedentis
1592 4204 1683 4284 caput
1696 4215 1806 4264 corona
1823 4195 1994 4260 redimitum
2011 4197 2061 4260 ha-

438 4268 545 4366 bentis,
557 4271 661 4336 dextra
673 4294 765 4338 manu
776 4277 915 4341 vexillum
928 4297 1016 4342 cruce
1027 4285 1205 4343 exornatum
1217 4281 1356 4354 tenentis
1368 4303 1405 4346 ex
1419 4279 1537 4347 sinistra
1550 4290 1633 4367 parte
1645 4279 1825 4366 conspicitur
1838 4301 1925 4363 parvo
1938 4279 2062 4344 ecclesie

438 4359 517 4418 turn
540 4374 691 4440 cruceque
711 4357 872 4436 instructa,
894 4363 952 4426 sub
968 4381 1003 4426 eu
1020 4382 1115 4427 cornu
1137 4364 1241 4444 copiae
1256 4385 1439 4449 expressum.
1479 4369 1515 4432 ln
1537 4367 1653 4433 ambitu
1674 4367 1816 4454 leguntur
1836 4365 2007 4450 sequentia:
2030 4362 2062 4429 S.

435 4433 658 4536 consutum
672 4439 725 4504 ET
740 4439 883 4510 ClVlUM
897 4445 940 4512 ΙΝ
954 4445 1072 4512 Novo
1087 4445 1274 4518 salutet.
1296 4451 1431 4519 Tertium
1447 4471 1568 4538 quoque
1583 4451 1710 4535 sigillum
1726 4449 1848 4516 exhibet
1862 4455 1977 4532 portum
1991 4468 2061 4512 cum

435 4523 532 4588 tutus
555 4524 703 4600 turribus,
726 4521 843 4592 mediae
867 4527 991 4596 intimae
1015 4532 1153 4598 imminet
1170 4541 1288 4601 scutum
1304 4537 1403 4632 aquila
1419 4539 1554 4622 polonico
1571 4536 1767 4611 instructum,
1789 4533 1900 4602 declive
1921 4532 2063 4616 positum.

435 4604 465 4668 in
481 4605 566 4753 cujps
588 4607 734 4758 superiori
750 4607 842 4673 latere
858 4609 977 4692 clypeus
993 4624 1039 4680 est
1053 4637 1226 4701 suspensus.
1261 4617 1297 4683 ln
1320 4621 1446 4685 circuitu
1468 4621 1587 4705 legitur:
1610 4619 1640 4686 S.
1661 4618 1783 4685 REGIS
1803 4614 1987 4684 rotome
2009 4615 2062 4681 ET
2148 4721 2152 4734 ι

437 4685 519 4753 clvl
545 4693 613 4757 All
650 4691 919 4760 SANDOMlRlE.
