4778 5952
982 767 1256 840 ...247-

897 1121 901 1126 ·
994 1057 1237 1173 -Cllllell

535 1313 742 1426 emsa,
769 1333 925 1403 anno
950 1315 1092 1401 mes
1118 1319 1171 1402 a
1200 1276 1273 1401 '14
1299 1251 1466 1401 mem.
1496 1317 1704 1422 marca.

328 1459 331 1466 ι
386 1515 683 1591 momentus
698 1518 769 1590 ltu
782 1518 940 1592 flosculus
956 1519 1112 1592 ccctcstcc
1126 1519 1266 1592 monensi
1280 1517 1448 1592 libertates
1463 1483 1599 1606 comeit,
1612 1465 1798 1610 piontttcns
1813 1535 1849 1592 so
2033 1533 2042 1544 ·

546 1619 732 1713 Episcopum
748 1623 782 1694 ct
796 1621 934 1693 ffioncs
947 1619 1089 1716 quaten
1104 1621 1258 1694 ccotcstuc
1272 1621 1438 1714 praecipue
1451 1624 1626 1694 tutotumn
1638 1622 1686 1706 (¹).

403 1841 444 1928 ln
468 1845 615 1930 nomine
636 1843 793 1948 domini,
824 1873 946 1932 amen.
998 1841 1081 1931 Nos
1112 1845 1326 1931 Semouitus
1358 1842 1570 1960 Troijdem,
1602 1843 1674 1930 Dei
1695 1846 1819 1964 gratia
1845 1842 1934 1932 Dux

302 1962 414 2047 totius
435 1960 578 2048 Terrae
599 1961 809 2066 lllasouiae,
831 1961 1080 2080 dominusque
1102 1977 1139 2048 et
1159 1963 1269 2048 locres
1291 1960 1491 2049 Plocensis
1511 1975 1550 2058 et
1571 1962 1809 2052 Czernensis.
1861 1960 1934 2047 Cu-

299 2078 445 2198 pientes
466 2080 550 2196 piae
572 2081 700 2168 matris
720 2081 784 2197 pio
804 2081 879 2168 lulio
907 2079 1001 2166 lesu
1031 2079 1181 2166 Christo
1203 2078 1355 2167 debitae
1375 2081 1563 2166 seruitutis
1584 2081 1766 2198 obsequia
1788 2079 1934 2198 persol-

300 2227 410 2301 uere,
442 2211 479 2284 et
499 2196 684 2284 donorum
705 2197 754 2283 ab
776 2199 860 2316 ipso
881 2227 957 2284 non
978 2230 1065 2286 esse
1087 2200 1323 2284 immemores
1345 2212 1607 2314 acceptorum;
1639 2201 1877 2316 promisimus
1898 2213 1936 2284 et

301 2315 537 2432 presentibus
558 2315 644 2401 Dec
666 2330 703 2401 et
722 2315 869 2402 Beatae
889 2313 1034 2402 Mariae
1055 2316 1203 2434 Virgini
1224 2313 1392 2434 gloriose
1412 2317 1679 2432 promittimus,
1707 2334 1936 2435 nostrosque

302 2451 550 2520 subsessores
570 2433 701 2520 Duces
721 2432 942 2538 lllazouiae,
964 2433 1013 2519 ad
1035 2432 1071 2519 iu
1095 2431 1375 2521 obseruandum
1396 2448 1434 2519 et
1452 2433 1673 2538 laciendum,
1694 2433 1764 2522 sub
1786 2434 1935 2552 praela-

301 2564 421 2636 torum
452 2552 638 2638 bonorum
664 2552 744 2666 jam
775 2550 884 2638 nobis
911 2551 959 2637 ab
989 2552 1229 2667 omnipotenti
1260 2551 1344 2638 Deo
1366 2550 1414 2635 de
1434 2581 1504 2638 sua
1527 2551 1686 2638 inelabili
1707 2552 1936 2672 benignitate

301 2669 521 2756 collatorum
552 2667 763 2786 perditione
792 2685 829 2756 et
848 2669 949 2754 linali
970 2668 1230 2772 ammissione,
1261 2683 1390 2754 tenere
1412 2684 1447 2753 et
1467 2668 1725 2756 inuiolabiliter
1744 2672 1937 2786 perpetuis

299 2785 529 2904 temporibus
551 2787 777 2873 obseruare:
805 2817 1016 2904 ¹omnesque
1037 2799 1075 2871 et
1095 2785 1267 2905 singulas
1288 2783 1486 2872 Ecclesiae
1508 2785 1698 2893 Plocensi,
1720 2785 1937 2905 EpiscopiS,

302 2903 485 2990 Praelatis
507 2915 544 2988 et
565 2902 777 3007 canonicis,
800 2905 939 3022 totique
962 2903 1080 2992 Clero'
1097 2901 1274 2992 Diocesis
1292 2902 1492 2990 Plocensis
1507 2933 1576 3020 pro
1594 2920 1763 3022 tempore
1779 2906 1938 2991 existen·

301 3023 417 3121 tibus,
449 3051 472 3104 a
493 3019 853 3136 praedecessoribus
873 3025 1032 3126 nostris,
1060 3021 1203 3109 scilicet
1225 3021 1417 3123 Conrado,
1447 3020 1629 3109 Boleslao
1652 3020 1937 3126 et'Veneeslao,

300 3137 386 3225 olim
408 3136 577 3224 Ducibus
598 3137 815 3240 Maeoniae,
845 3137 1018 3256 largitas,
1035 3167 1270 3243 concessas,
1299 3137 1479 3243 donatas,
1507 3152 1545 3224 et
1563 3153 1746 3257 perpetuo
1768 3139 1878 3226 datas
1901 3155 1938 3228 et

300 3255 501 3373 inscriptas
532 3255 781 3343 immunitates
809 3271 844 3343 et
866 3254 1076 3364 libertates,
1107 3269 1221 3374 prout
1240 3257 1275 3342 in
1297 3255 1500 3375 privilegijs
1522 3285 1663 3364 eorum,
1686 3271 1722 3342 et
1743 3259 1939 3378 signanter

299 3373 443 3460 loelicis
473 3373 676 3460 memoriae
707 3371 845 3461 domini
875 3371 1081 3464 Veneeslai
1112 3372 1198 3461 olim
1228 3372 1353 3461 Ducis
1376 3372 1596 3480 Mazouiae,
1628 3373 1761 3461 eadem
1785 3377 1872 3493 jura
1902 3391 1939 3462 et

326 3490 495 3608 riuilegia
517 3504 591 3576 tam
609 3490 747 3578 domini
770 3491 947 3599 Conradi,
970 3523 1081 3610 quam
1098 3494 1208 3578 etiarn
1231 3489 1397 3577 Boleslai
1414 3491 1475 3607 nttj
1493 3492 1561 3595 sui,
1579 3491 1768 3626 quondam
1791 3495 1937 3580 Ducum

344 3609 511 3710 asouiae,
534 3623 730 3728 atauorum
752 3624 789 3695 et
803 3639 959 3695 auorum
974 3626 1200 3714 nostrorum,
1221 3610 1455 3697 continentur
1475 3607 1665 3725 descripta
1686 3622 1724 3693 et
1748 3610 1935 3726 inscripta.

198 3811 201 3820 ,
301 3723 417 3840 Quae
447 3726 572 3813 omnia
598 3742 634 3813 et
655 3726 822 3844 singula,
854 3729 891 3812 in
911 3727 1088 3845 praelatis
1110 3756 1240 3814 eorum
1262 3724 1468 3846 priuilegijs
1490 3740 1665 3813 contenta
1686 3742 1721 3813 et
1743 3757 1938 3846 expressa,
1992 3789 1994 3794 ,

299 3861 476 3964 tanquam
496 3842 656 3932 idoneus
673 3845 832 3932 imitator
848 3875 977 3932 eorum
993 3839 1181 3932 innitendo
1198 3845 1380 4049 vestigijS,
1399 3848 1565 3961 presenti
1582 3862 1712 3933 nostro
1728 3839 1936 3964 priuilegio,

141 3981 162 4019 ’Ν
300 3962 349 4050 de
370 3976 475 4050 certa
496 3959 628 4050 nostra
649 3961 1099 4078 etnostrorurnliliorum,
1120 3962 1264 4052 scilicet
1309 3965 1440 4052 oannis
1462 3964 1707 4067 et'Semouiti,
1729 3963 1936 4051 etHenriei
1994 4034 1996 4043 .

300 4081 456 4168 scientia
488 4095 526 4168 et
549 4081 741 4170 voluntate
770 4082 1027 4199 approbamus
1048 4098 1087 4169 et
1106 4082 1353 4188 raofieamus,
1384 4081 1697 4201 prolitemurque,
1729 4081 1830 4198 quod
1854 4083 1936 4199 ipsa

300 4197 501 4285 Plocensis
531 4195 726 4303 Ecclesia,
763 4200 883 4316 (cujus
915 4231 986 4287 nos
1015 4201 1126 4286 lulium
1163 4219 1200 4289 et
1230 4201 1417 4288 alumnum
1447 4200 1781 4316 recognoscimus,
1817 4215 1854 4286 et
1884 4201 1934 4288 ad

300 4313 501 4418 tuitionem,
523 4343 571 4400 ae
590 4313 843 4400 omnimodam
864 4318 980 4431 ipsius
1003 4330 1039 4402 et
1055 4347 1304 4435 personarum
1322 4346 1485 4422 suarum,
1502 4315 1644 4402 seilicet
1660 4332 1732 4403 tam
1748 4317 1783 4405 in
1800 4320 1934 4435 capite,

302 4464 413 4552 quarn
435 4433 472 4520 in
493 4430 670 4518 membris
691 4429 961 4520 deffensionem
988 4447 1228 4550 perpetuam,
1260 4449 1321 4520 tan
1350 4463 1437 4520 uam
1456 4464 1570 4522 verus
1591 4446 1772 4552 patronus
1793 4467 1934 4540 eorum,

304 4582 376 4645 nos
400 4567 438 4641 et
458 4566 612 4640 nostros
638 4578 891 4638 successores
911 4550 1074 4637 heredes
1105 4568 1142 4640 et
1170 4552 1301 4639 Duces
1325 4465 1533 4639 ltazouiae
1554 4551 1802 4672 obligamus),
1835 4555 1933 4640 omni

408 4798 448 4886 (Ι)
477 4799 503 4865 Ε
518 4799 596 4866 libro
612 4800 831 4951 manuscripto
844 4801 934 4885 uulgo
949 4753 1075 4868 lletricc
1091 4801 1187 4888 Regni
1203 4745 1283 4868 dicto
1298 4803 1329 4870 in
1340 4803 1529 4869 Varsuriensi
1540 4801 1690 4870 tabulario
1700 4767 1821 4888 publico
1835 4801 1931 4887 Regni

307 4878 701 4966 Poloniaeosseruoto,N¹⁰
715 4885 769 4952 LX
800 4883 1212 4974 Vlll.p.268tlcscriptum.
1286 4941 1293 4954 .
1477 4897 1484 4914 '
