4788 5926
1105 749 1383 822 ..ιω-

226 957 229 964 ’
305 987 309 991 ·
430 967 719 1064 nostrmumque
738 951 898 1038 omnium
919 976 1186 1038 suceessorum
1206 949 1424 1066 recepimus·
1440 975 1570 1035 curam
1591 962 1628 1036 et
1644 945 1830 1036 tuitionem
1846 949 2061 1067 specialem,

231 1095 235 1106 '
429 1097 542 1186 quarn
572 1071 744 1176 domum,
774 1068 1013 1186 Propositum
1044 1085 1081 1154 ct
1098 1069 1244 1156 iratres
1274 1067 1371 1163 [ullis
1400 1065 1618 1170 violeJutiis,
1648 1068 1831 1184 molestijs
1861 1095 1929 1155 seu
1952 1071 2085 1186 penis·
2125 1076 2129 1086 '

429 1191 602 1278 nolumus
622 1187 776 1300 quoquo
796 1184 1141 1274 ruodo'subiacere.
1175 1185 1361 1272 Preterea
1382 1217 1429 1272 ex
1451 1183 1677 1304 plenitudine
1698 1189 1828 1305 gracie
1849 1201 1988 1290 nostre,
2005 1181 2063 1276 ob

428 1337 595 1396 amorem
609 1304 676 1393 dei
697 1321 735 1392 et
755 1320 971 1392 sanctorum
991 1305 1084 1410 cius,
1106 1305 1156 1390 ob
1170 1301 1376 1389 remedium
1392 1306 1512 1390 eciam
1528 1302 1650 1388 anime
1666 1319 1806 1404 nostre,
1827 1319 2063 1392 nostrorum·

315 1471 318 1478 ·
429 1451 503 1538 que
522 1427 683 1512 omnium
705 1421 1022 1540 predecessorum
1044 1437 1081 1507 et
1101 1419 1368 1521 successorum
1389 1422 1439 1508 ob
1462 1421 1634 1526 salutem,
1660 1422 1709 1507 ob
1730 1424 1863 1509 merita
1884 1423 2003 1507 eciam
2024 1435 2065 1508 et·

427 1573 564 1662 preces
594 1539 767 1660 prephati
798 1541 867 1632 viri
886 1540 1026 1629 oomni
1055 1539 1217 1647 [Martini
1241 1539 1413 1635 Abbatis]
1432 1541 1663 1652 fratrumque
1683 1539 1820 1657 ipsius,
1851 1537 2062 1657 predictam

427 1660 578 1748 domum
608 1673 645 1747 et
674 1659 799 1748 villam
829 1661 865 1746 in
895 1657 1043 1746 Yezow
1074 1671 1111 1743 et
1130 1657 1234 1745 alias
1260 1657 1367 1746 villas
1388 1658 1562 1778 superius
1584 1659 1814 1762 nominales,
1846 1675 1883 1744 et
1900 1655 2061 1748 villanos

428 1779 594 1896 ipsarum
616 1779 846 1866 absolvimus
868 1776 1081 1864 omnimode
1102 1776 1150 1862 ab
1167 1777 1338 1865 omnibus
1354 1775 1613 1866 universaliter
1627 1776 1884 1862 solucionibus
1898 1775 2065 1862 omnium·

428 1899 684 2000 exacciooum,
706 1897 754 1981 ab
776 1921 886 2007 equo,
906 1923 1027 1984 vacca
1047 1894 1221 1989 videlicet
1240 1921 1359 2011 porco
1380 1909 1417 1979 et
1438 1894 1565 1996 ariete,
1586 1892 1690 2003 quod
1709 1892 1906 2009 wlgeriter
1920 1921 2065 1976 carcaa

427 2012 578 2119 dicitur,
610 2013 838 2102 acitaeiono
867 2016 982 2100 castri
1012 2025 1062 2120 [et
1080 2007 1170 2117 olon
1200 2005 1551 2126 comparicione(¹)
1581 2007 1684 2121 quod
1704 2029 1872 2110 nectam,
1904 2008 2065 2126 acurijs

243 2233 247 2240 ¹
371 2215 377 2240 .-
427 2131 530 2239 quod
555 2140 791 2241 poduorove,
823 2131 1119 2246 alumigacione
1151 2126 1253 2240 quod
1278 2137 1484 2241 podymne,
1516 2127 1567 2215 ab
1587 2154 1708 2216 avena
1729 2126 1831 2236 quod
1845 2150 2063 2239 peremne

358 2245 375 2321 a
426 2259 603 2351 vocatur,
636 2277 658 2333 a
678 2245 910 2352 custoribus,
941 2276 966 2332 a
986 2245 1175 2333 conductu
1197 2244 1397 2332 cuiuslibet
1412 2247 1484 2352 rei,
1510 2242 1613 2356 quod
1630 2253 1799 2357 prseuod
1816 2255 2062 2362 nuncupatur,

356 2409 367 2435 s
425 2373 624 2450 asoorto
644 2364 837 2470 custodia,
868 2395 961 2450 oron
985 2365 1292 2480 pruina,pobor
1318 2361 1483 2471 solucio,
1515 2361 1769 2448 alalconibus
1797 2377 1834 2448 et
1862 2389 1886 2446 a
1899 2368 2065 2475 psorclre

426 2481 526 2592 quod
543 2483 769 2600 peramplius
786 2511 861 2569 non
878 2479 1129 2595 suscipiantur
1144 2507 1217 2564 nec
1231 2493 1448 2596 pascantur,
1469 2505 1590 2590 neque
1609 2479 1781 2566 falcones
1789 2517 1806 2586 ς,
1821 2480 1870 2564 ab
1891 2480 2065 2600 angariis-

427 2601 564 2700 eoiam,
594 2599 831 2714 preangariis
852 2613 889 2683 et
908 2596 1179 2690 vexacionibus
1193 2597 1290 2709 juris
1313 2597 1543 2682 Polonicalis
1564 2596 1874 2701 Procuratorem,
1895 2599 2062 2684 honora·

427 2729 569 2818 torum,
602 2715 869 2816 officiatorum,
899 2725 1141 2814 venatorum,
1172 2713 1487 2819 subvenetorum,
1524 2728 1561 2799 et
1592 2740 1720 2800 eorum
1752 2715 1932 2832 pedaneis
1963 2713 2062 2826 (sic)

426 2829 638 2916 officialium
660 2845 875 2916 nostrorum
895 2843 934 2914 et
953 2844 1163 2916 ceterorum
1184 2830 1484 2940 ministerialium,
1516 2861 1539 2916 a
1560 2830 1721 2918 dacione
1742 2835 1862 2920 eciam
1883 2857 2062 2944 quorum·

426 2947 516 3035 libet
527 2949 764 3044 festivitatum
782 2948 1004 3059 ubieunque,
1017 2945 1121 3058 quod
1133 2956 1256 3058 pedae
1270 2946 1413 3054 dicitur,
1430 2964 1466 3035 et
1480 2950 1529 3035 ab
1542 2947 1623 3036 aliis
1635 2950 1818 3056 omnibus,
1836 2973 2062 3064 quocunque

426 3068 576 3153 nomine
606 3067 875 3172 censebantur,
907 3095 1064 3184 prorsus
1095 3077 1310 3152 exementes
1338 3066 1445 3180 (sic).
1494 3066 1687 3154 Monetam
1708 3095 1818 3172 vero,
1847 3091 1923 3180 que
1943 3077 2060 3153 odrae

283 3247 292 3264 ,
427 3180 572 3287 dicitur,
598 3179 641 3269 ¹ct
656 3213 855 3287 annonam,
884 3207 961 3295 que
980 3215 1043 3296 sep
1064 3197 1243 3286 vocatur,
1276 3198 1313 3269 et
1324 3203 1568 3294 communem
1599 3199 1700 3271 terre
1722 3185 1965 3288 solucionem,
1987 3209 2061 3294 qua

242 3267 282 3346 s
408 3309 610 3412 „paradino
631 3317 883 3418 nuncupatur,
915 3299 965 3387 ad
986 3301 1207 3422 instanciam
1233 3299 1321 3388 dicti
1352 3301 1512 3388 Abbatis
1542 3301 1744 3418 Prepositc
1775 3299 1825 3385 de
1855 3299 2002 3388 Yezow
2022 3310 2062 3386 el

264 3457 269 3462 ·
335 3419 396 3517 ,s
425 3418 602 3505 iratribus
633 3418 768 3506 ibidem
790 3419 922 3505 decem
944 3421 1052 3505 annis
1073 3417 1245 3505 dedimus
1265 3421 1461 3537 percipere
1481 3419 1719 3525 inconvulse3
1732 3453 1737 3462 ·
1751 3418 1885 3528 quibus
1908 3419 2061 3524 evulsio,

426 3534 477 3623 ad
498 3551 651 3624 nostros
673 3535 821 3624 demum
842 3567 933 3625 usus
949 3535 1184 3654 spectabunt.
1217 3537 1297 3624 Sed
1314 3539 1521 3625 stacionem
1537 3540 1573 3623 in
1595 3543 1726 3622 Yezoto
1744 3535 1903 3652 amplius
1920 3535 2064 3625 hebere

427 3656 644 3741 monetariis
666 3656 746 3740 sive
766 3657 906 3740 nostris
928 3655 1073 3741 nunciis
1094 3653 1347 3770 probibemus
1370 3685 1443 3773 qua
1463 3670 1629 3772 recepta,
1650 3683 1736 3740 mox
1757 3655 1852 3740 alias
1873 3653 2063 3741 divertan-

427 3785 497 3857 tur.
528 3771 771 3858 Absolvimus
792 3772 910 3856 eciam
931 3771 1069 3856 dictam
1087 3771 1237 3857 dorum
1260 3787 1297 3858 et
1311 3774 1418 3860 uillas
1434 3775 1677 3890 ipsarumque
1693 3772 1837 3858 incolas
1852 3771 2065 3858 eternaliter

426 3886 476 3974 ab
496 3889 745 3977 edificacione
774 3887 1024 4022 quorumlibet
1043 3902 1274 3992 castrorum,
1306 3904 1343 3975 et
1362 3891 1411 3974 ab
1433 3890 1604 3977 omnibus
1625 3887 1849 4008 quibuslibet
1868 3873 2064 3976 laboribus

426 4007 696 4111 universaliter,
716 4037 741 4092 a
760 4005 946 4092 ortacione
967 4033 1131 4124 quoque,
1152 4003 1341 4122 ajudiciis
1362 4006 1617 4092 Palatinorum
1636 4009 1798 4095 omnium
1820 4020 1857 4090 et
1879 4005 2066 4092 Castella·
2163 4081 2168 4092 .

428 4149 571 4223 norum,
589 4124 756 4238 judicum
776 4139 990 4211 nostrorum
1012 4137 1048 4210 et
1069 4119 1315 4209 officiatorum
1336 4152 1654 4243 quorumeunque,
1678 4137 1717 4210 ut
1733 4155 1802 4240 per
1818 4153 1886 4212 eos
1902 4122 2062 4240 amplius

429 4262 506 4321 non
522 4235 688 4344 citantur,
710 4273 781 4328 nec
796 4241 1015 4346 iudicentur,
1041 4240 1110 4328 nisi
1131 4269 1262 4328 coram
1281 4241 1485 4358 Proposito
1507 4243 1586 4331 sive
1607 4245 1722 4360 ipsius
1742 4242 1866 4328 iudice
1886 4242 2064 4328 astabunt

430 4353 710 4473 querulantibus
735 4363 965 4472 responsuri.
1010 4359 1058 4446 El
1086 4359 1536 4480 precipue-Propositus,
1571 4359 1727 4447 cum'sit·
1743 4359 1962 4477 spititualis,
1990 4385 2061 4473 pcr

430 4473 554 4560 omnia
585 4500 662 4558 non
692 4470 926 4562 iudicetur'a
958 4507 1147 4596 quoquam
1178 4475 1301 4566 iudice
1328 4494 1481 4587 nostro,
1512 4507 1585 4566 nec
1610 4475 1814 4583 Palatino,
1835 4474 2064 4582 Custodem,

531 4703 570 4787 (ἵ)
598 4704 700 4786 Verbo
712 4710 744 4768 et
754 4701 924 4800 fragmenta
935 4705 1021 4768 uncis
1037 4703 1076 4792 []
1094 4708 1263 4788 interclusa,
1277 4718 1313 4776 ut
1323 4710 1411 4778 nobis
1423 4709 1639 4800 verisimillime
1647 4707 1822 4790 uidebatur,
1836 4708 1904 4787 libri
1918 4696 2059 4774 tabularii

299 4807 301 4812 ’
429 4785 772 4855 lemovieueisrotiooe
793 4785 911 4864 babuto,
933 4804 990 4872 pro
1005 4791 1101 4854 verbio
1115 4812 1173 4858 usu
1188 4794 1309 4862 etnam
1325 4794 1445 4864 detritis
1465 4791 1684 4861 substituimus
1719 4795 1788 4860 lloc
1808 4803 1912 4862 tomen
1934 4794 2002 4859 loco
2024 4791 2056 4857 in

337 4943 353 4970 γ
431 4869 508 4937 libro
524 4870 689 4959 praedicto,
704 4874 795 4960 rerba
809 4885 856 4952 „et
869 4869 1136 4960 oeomporieione”
1150 4877 1301 4960 leguntur.
1521 4887 1524 4896 ’
1603 4879 1604 4884 ’
1641 4913 1644 4922 =
1848 4873 1861 4900 ²
1991 4917 1996 4925 -
