4780 5922
1074 743 1351 814 -198-

396 948 431 1031 in
453 958 644 1060 posterum
666 943 914 1060 questionem,
952 952 1089 1025 extunc
1110 939 1231 1027 dictus
1253 939 1438 1027 Dominus
1459 938 1557 1034 Dux,
1583 938 1829 1055 expraelatis
1851 951 1888 1024 et
1908 940 2025 1027 cario-

396 1063 488 1149 nicis
522 1059 720 1148 Plocensis
755 1056 952 1143 Ecclesiae
984 1071 1166 1172 quatuor3
1203 1055 1324 1168 dictus
1356 1085 1448 1143 vero
1483 1053 1699 1172 Episcopus
1715 1121 1717 1124 -
1735 1056 1897 1142 similiter
1930 1059 2025 1144 inter
2126 1115 2131 1120 -

395 1179 558 1266 barones
595 1207 662 1264 seu
697 1175 828 1261 limites
865 1173 1068 1285 (nobilest)
1110 1173 1251 1284 Terrae
1282 1171 1568 1288 Dobrzynensis
1600 1185 1762 1291 quatuor
1792 1173 1932 1292 eligere
1968 1187 2023 1260 te-
2138 1205 2142 1212 ·

395 1297 597 1400 nebuntur,
629 1294 678 1379 de
737 1292 843 1378 uibus
875 1291 929 1378 eis
960 1287 1145 1381 videbitur
1171 1289 1368 1406 expedire,
1400 1291 1462 1408 qui
1488 1319 1621 1382 omncs
1652 1290 1760 1376 simul
1790 1291 1893 1407 prius
1925 1287 2025 1379 lideli

274 1497 277 1504 .
395 1442 509 1531 super
538 1411 612 1496 hoc
643 1423 680 1496 et
701 1324 812 1527 pilena
843 1409 1100 1494 informatione
1129 1407 1368 1524 praehabita,
1400 1411 1620 1519 (iuramento
1642 1408 1751 1492 etiam
1773 1408 1955 1524 praestito
1976 1408 2028 1494 ah

396 1528 535 1617 eisdem
558 1527 716 1638 electis),
747 1518 955 1612 secundum
988 1523 1140 1610 modum
1171 1525 1419 1641 praemissum
1450 1523 1571 1638 dictas
1598 1523 1705 1610 villas
1727 1522 1956 1644 distinguent
1976 1523 2025 1610 ab

394 1647 476 1761 alijs
497 1641 612 1763 super
629 1643 753 1762 gades
771 1673 838 1730 seu
854 1643 1055 1759 granicies,
1076 1656 1111 1727 et
1128 1641 1238 1725 etiam
1256 1640 1468 1747 limitabunt,
1492 1641 1692 1728 duraturas
1707 1653 1901 1757 perpetuo,
1922 1642 2024 1728 iuxta
2173 1727 2175 1734 ,

422 1763 496 1849 uod
528 1792 657 1850 eorum
686 1761 870 1848 videbitur
891 1759 1095 1861 honestati,
1128 1757 1292 1876 qualibet
1312 1759 1471 1874 partium
1493 1757 1790 1874 praedictarum,
1822 1787 1891 1845 seu
1912 1759 2023 1844 etiam

394 1797 549 1966 dliarum
579 1894 616 1964 et
636 1874 883 1995 quorumlibet
913 1875 1208 1964 contradictione
1230 1888 1422 1981 cessante,
1455 1890 1491 1960 et
1511 1874 1585 1961 boc
1605 1873 1703 1960 idem
1726 1875 1932 1962 seruabunt
1951 1873 2020 1960 do-

393 1998 479 2084 mini
500 2010 537 2084 et
557 2009 684 2113 partes
704 1992 923 2110 praedictae
944 2025 990 2078 ex
1011 2008 1168 2108 utraque
1188 2005 1306 2108 parte,
1330 2006 1416 2078 octo
1438 1990 1613 2078 videlicet
1637 1991 1813 2110 eligendo
1830 2021 2022 2110 personas

394 2113 509 2200 modo
528 2111 742 2230 praedicto,
775 2107 824 2195 ad
844 2108 1079 2198 limitationes
1109 2123 1147 2196 et
1196 2107 1289 2215 ades
1322 2107 1487 2195 inbonis
1513 2121 1550 2194 et
1570 2109 1876 2226 possessionibus
1898 2107 2023 2196 dictae

393 2227 594 2318 Plocensis
614 2227 830 2333 Ecclesiae,
862 2227 1027 2314 ethonis
1049 2225 1136 2311 dicti
1160 2135 1296 2312 domini
1317 2223 1436 2312 Ducis
1457 2226 1656 2346 contiguis,
1680 2229 1716 2310 in
1737 2224 1860 2312 dictae
1880 2225 2024 2313 Terrae

392 2345 665 2436 Dobrzinensis
696 2345 860 2431 dominio
883 2344 1035 2432 situatis.
1087 2341 1254 2456 Quodsi
1276 2341 1494 2460 praedictae
1515 2359 1603 2430 octo
1624 2373 1814 2460 personae
1844 2375 1912 2460 per
1942 2343 2023 2429 Do-

393 2466 513 2550 minos
533 2461 750 2580 praedictos
771 2462 926 2568 electae,
947 2459 997 2544 ad
1017 2459 1281 2546 limitationem
1288 2461 1495 2576 praelatam
1519 2460 1633 2547 modo
1655 2459 1780 2546 debito
1801 2460 2023 2566 laciendam,

394 2580 629 2690 nequiverint
648 2581 804 2664 forsitan
826 2575 1072 2677 concordare,
1103 2589 1237 2662 extunc
1259 2606 1375 2693 super
1396 2577 1469 2662 boc
1484 2590 1592 2664 sorte
1613 2579 1738 2680 missa,
1760 2608 1805 2663 ea
1827 2608 1933 2694 pars,
1964 2577 2024 2662 cui

287 2751 292 2760 ·
386 2727 482 2782 sors
500 2687 650 2780 =dederit
669 2695 772 2809 ipsas
793 2691 1069 2796 haereditates,
1094 2692 1299 2780 secundum
1330 2691 1450 2779 Deum
1474 2708 1510 2778 et
1530 2695 1795 2782 conscientiam
1817 2692 2023 2779 limitabunt

395 2812 489 2923 (sic).
532 2809 681 2924 Quibus
702 2811 821 2896 taliter
841 2811 1012 2914 limitatis,
1032 2809 1065 2893 ‘si
1087 2807 1267 2927 deinceps
1289 2811 1435 2927 questio
1457 2841 1571 2928 super
1592 2811 1651 2897 bis
1672 2812 1819 2916 orietur,
1828 2812 1899 2926 „jus
1920 2837 2021 2896 com-

395 2960 505 3016 mune
525 2939 702 3015 terrestre
724 2929 943 3032 seruabitur,
964 2939 1029 3012 aut
1045 2927 1130 3042 ipse
1150 2921 1364 3044 Episcopus
1386 2925 1499 3013 literis
1520 2927 1607 3014 dicti
1630 2924 1766 3032 Ducis,
1788 2957 1885 3046 quas
1907 2955 2022 3045 super

394 3045 607 3135 limitatione
627 3046 806 3161 praelatu,
828 3043 927 3131 dicto
947 3043 1111 3131 Domino
1131 3039 1325 3162 Episcopo
1347 3043 1438 3130 dare
1459 3045 1637 3159 promisit,
1659 3077 1702 3130 se
1724 3044 1894 3151 tuebitur,
1916 3042 2024 3131 etde

395 3161 529 3246 eadem
549 3161 762 3250 limitatione
783 3158 942 3250 docebit.
966 3159 1108 3248 ¹Dictas
1127 3191 1219 3248 vero
1241 3161 1491 3247 haereditates
1513 3193 1694 3280 expresse
1716 3177 1752 3248 et
1774 3163 1882 3278 etiam
1903 3163 2021 3248 nomi-

357 3287 359 3292 ’
393 3279 525 3382 natim,
557 3295 592 3363 et
614 3276 705 3366 alias
726 3279 1001 3398 infrascriptae,
1037 3277 1210 3366 videlicet
1230 3308 1367 3365 nouam
1398 3277 1522 3368 villam
1554 3280 1770 3401 contiguam
1804 3284 1958 3365 Gorzno
1984 3292 2022 3365 et
2114 3331 2122 3344 ·

393 3399 514 3512 ipsum
539 3399 711 3506 Gorzno,
744 3399 907 3486 castrum
927 3426 1065 3483 nouum
1090 3397 1255 3494 Gorznn,
1277 3399 1465 3496 Succowo,
1490 3399 1681 3490 Gottowo,
1705 3403 1821 3498 Teate,
1843 3401 2020 3486 Manan-

305 3575 328 3624 μ.
394 3517 543 3599 czkowo
579 3513 702 3599 binum
745 3524 781 3597 et
810 3513 974 3604 alodium
1010 3512 1174 3600 similiter
1213 3519 1496 3613 Mensnezlcozoo
1533 3512 1671 3598 dietum
1708 3521 1875 3614 Brenslc,
1918 3511 2021 3628 quod

393 3661 492 3716 nunc
510 3627 726 3747 Episcopus
746 3635 913 3720 noscitur
934 3631 1113 3742 obtinere,
1134 3635 1243 3717 Sitne
1264 3660 1348 3718 cum
1368 3630 1472 3738 lacu,
1505 3635 1778 3744 Paqorzolcwo
1803 3637 2019 3744 Bt'slcuptien

394 3751 597 3846 Pcreczno,
623 3752 806 3848 Uneiowo,
831 3754 975 3846 Potine,
1001 3751 1196 3848 Gattowo,
1219 3751 1475 3861 Supt'erzejcze
1497 3761 1534 3834 el
1555 3761 1727 3834 caeteras
1749 3771 1880 3835 omnes
1901 3745 2022 3853 uillaS,
2127 3791 2134 3808 ·

314 3971 317 3984 Ι
393 3879 505 3980 prout
525 3865 560 3948 in
579 3864 678 3949 ueris
700 3863 777 3949 suis
798 3862 1035 3969 limitibus,·in
1060 3861 1230 3951 Dominio
1250 3864 1393 3951 Terrae
1414 3863 1686 3951 Dobrzinensis
1707 3879 1793 3952 sunt
1815 3864 2022 3969 distinctae,
2166 3957 2168 3960 .

394 3981 478 4068 item
511 3979 789 4079 villam'Lnnln'
816 3978 981 4065 eiusdem
1012 3977 1212 4097 Episcopi,
1249 3981 1357 4068 sitam
1387 3981 1423 4066 in
1454 3996 1555 4073 terra
1582 3980 1836 4083 Lanciciensi,
1872 3979 2022 4092 (eadem

396 4093 562 4182 libertate
593 4096 794 4216 gaudebit,
831 4112 1010 4212 excepto,
1041 4095 1143 4213 quod
1174 4097 1262 4182 Dux
1292 4095 1547 4184 Lanciciensis
1587 4100 1783 4185 stationem
1819 4099 1900 4184 siue
1936 4116 2022 4185 stan

381 4211 510 4298 “semel
543 4214 577 4296 in
598 4243 697 4299 anno
719 4214 870 4300 babebit
889 4214 924 4299 in
946 4213 1024 4320 illa,
1057 4229 1093 4299 et
1141 4213 1215 4302 uod
1236 4213 1407 4300 homines
1425 4211 1477 4301 de
1498 4213 1632 4302 eadem
1651 4217 1829 4310 iuuabunt
1848 4216 1898 4301 ad
1920 4215 2021 4302 aedi-

392 4327 582 4421 ficandum
604 4344 769 4415 castrum
789 4362 857 4418 seu
879 4245 1138 4417 reaedilicand

392 4437 681 4564 :lrcbiepiscopi
703 4447 937 4534 Gnesnensis
959 4445 1033 4535 boc
1053 4448 1198 4556 facient,
1221 4463 1258 4534 et
1274 4447 1323 4535 ad
1340 4449 1578 4536 boceuocati
1597 4452 1678 4535 siue
1695 4451 1786 4536 iussi
1800 4448 2020 4560 transibunt)

394 4561 515 4650 dictus
537 4564 718 4649 Dominus
738 4561 827 4648 Dux
847 4561 1091 4670 Wladislaus,
1118 4566 1202 4684 piae
1224 4566 1424 4651 memoriae
1444 4566 1593 4652 Domini
1614 4565 1732 4654 Ducis
1754 4564 1919 4653 Conradi
1940 4563 2022 4652 Pri-

394 4679 586 4796 uilegium,
608 4697 644 4766 et
666 4695 833 4768 tenorem
855 4679 981 4798 ipsius,
1002 4683 1063 4796 qui
1086 4685 1252 4800 sequitur
1273 4683 1308 4766 io
1330 4682 1425 4768 baec
1445 4682 1579 4769 verba:
1615 4681 1704 4802 Ego
1726 4683 1929 4770 Conradus
1948 4683 2021 4770 Dei

393 4797 515 4912 gratia
544 4793 633 4881 Dux
662 4795 862 4886 Masoviae
893 4809 964 4882 etc.
995 4827 1042 4882 ex
1067 4811 1143 4885 toto
1166 4829 1213 4885 ac
1233 4797 1445 4915 plenissime
1467 4799 1717 4916 approbando
1740 4813 1777 4886 et
1798 4801 1908 4901 etiam
1929 4828 2021 4888 con-

1137 4363 1214 4438 um,
1247 4346 1282 4416 et
1304 4332 1377 4418 boc
1397 4347 1473 4419 tum
1493 4347 1646 4436 tantum,
1679 4331 1831 4450 quando
1851 4333 2020 4418 homines
2174 4409 2176 4414 .
2264 4361 2320 4394 ··
