4788 5926
966 715 1357 820 ·-rae-‘-

406 954 554 1041 testium
571 952 870 1068 subscripsione,
901 951 1055 1038 firmiter
1069 949 1252 1037 roborari.
1291 948 1393 1034 Hinc
1414 961 1496 1046 est,
1523 943 1626 1065 quud
1642 975 1714 1035 nus
1730 947 1922 1036 secundus
1938 951 2034 1038 Pre-

405 1071 505 1172 misl,
537 1071 597 1154 dei
614 1072 744 1188 gracia
762 1068 1040 1174 DuxPulonie,
1072 1083 1200 1154 nutum
1215 1068 1372 1153 iacimus
1387 1067 1589 1171 universis,
1620 1083 1834 1184 presentem
1855 1070 2033 1187 paginam

406 1189 645 1306 inspecturis,
677 1185 779 1305 quod
812 1187 952 1273 Comes
982 1185 1179 1272 lohannes
1211 1185 1333 1271 dictus
1355 1184 1403 1269 de
1423 1182 1689 1296 Stuqomuol2)
1711 1215 1758 1270 ac
1788 1184 1850 1302 lilij
1879 1188 1936 1272 sui
1957 1187 2032 1301 Sy·
2149 1197 2152 1201 ’

406 1323 556 1412 manus,
589 1303 830 1392 Thomislaus
861 1319 899 1391 et
929 1303 1123 1409 Albertus,
1157 1303 1400 1396 hereditatem
1423 1331 1529 1388 suam
1552 1333 1625 1420 que
1645 1301 1929 1416 lippuporulll
1950 1304 2032 1390 vul-

405 1427 550 1542 gariter
568 1436 804 1540 nuncupatur
824 1451 894 1538 pru
912 1424 1029 1509 tribus
1045 1422 1228 1523 sortibus,
1259 1420 1448 1506 videlicet:
1477 1427 1634 1506 Blosin'c
1651 1427 1803 1506 Albulis
1823 1436 1861 1507 et
1878 1429 2032 1506 Blosiuo

404 1547 600 1658 Episcopi,
631 1556 746 1658 atque
775 1537 1038 1650 Meilibcrel⁴l
1059 1569 1145 1624 cum
1175 1538 1327 1626 domino
1360 1537 1535 1625 Gerardo
1566 1538 1732 1641 Abbate,
1772 1567 1819 1622 ac
1844 1554 2033 1626 conventu
2160 1617 2163 1622 .

405 1660 540 1753 domm
552 1658 783 1762 Lendensis,
815 1657 939 1743 libenti
956 1659 1080 1744 animo
1097 1667 1391 1742 commutarunt·
1413 1654 1607 1744 Nosvero
1625 1657 1674 1743 ub
1690 1654 1891 1742 remedium
1908 1658 2032 1742 anime
2158 1743 2167 1750 ,

406 1787 534 1869 nostre
554 1807 602 1863 ac
622 1776 938 1894 predecessorum
961 1788 1172 1863 nostrorum
1194 1803 1257 1877 ea,
1288 1804 1361 1890 que
1383 1773 1432 1859 ad
1453 1775 1642 1861 utilitatem
1664 1774 1763 1860 dicte
1780 1771 1915 1861 domus
1932 1790 2030 1879 sunt,

321 2003 322 2007 Ν
406 1897 598 2013 cupientes
619 1925 764 2013 augere
785 1895 1055 1996 nonminuere,
1088 1893 1267 2009 prefatam
1289 1893 1623 1979 commutacionem
1644 1891 1891 1998 ratilicarnuS,
1922 1891 2032 1978 liber-

406 2027 530 2120 tatern,
562 2043 674 2131 quarn
706 2011 900 2129 prehabita
921 2011 1109 2098 hereditas
1130 2011 1201 2097 sub
1224 2012 1369 2097 Comite
1389 2009 1565 2096 iohanne
1586 2024 1744 2096 actenus
1766 2008 1909 2114 habult,
1932 2009 2031 2096 dicte

406 2130 532 2247 domuj
554 2127 821 2218 confirmantes
851 2161 935 2216 cum
957 2128 1128 2216 omnibus
1159 2128 1391 2233 utilitatibus,
1423 2159 1496 2246 que
1526 2159 1627 2214 nunc
1657 2131 1692 2214 in
1724 2158 1770 2214 ea
1791 2141 1898 2232 sunt,
1929 2157 1977 2213 ac
1995 2127 2032 2212 in

406 2264 600 2367 posterum
636 2264 809 2367 poterunt
846 2243 994 2334 exoriri.
1034 2246 1087 2333 Et
1120 2247 1323 2334 exemimus
1361 2275 1444 2332 eam
1465 2276 1489 2331 a
1512 2280 1656 2358 poooz,
1687 2248 1736 2333 ab
1756 2247 1858 2332 omni
1874 2255 2031 2358 procori,

318 2439 327 2458 .
405 2386 589 2467 astrozu,
620 2397 643 2454 a
666 2377 750 2466 don,
785 2396 963 2467 amoroz,
987 2375 1221 2478 pedemve,
1254 2383 1420 2477 turgowe,
1441 2384 1597 2466 mestoc,
1614 2395 1637 2450 a
1655 2379 1866 2452 caslrurum
1881 2362 2031 2451 edificio

321 2583 324 2590 ,
405 2517 473 2572 seu
503 2484 677 2604 poncium
700 2486 964 2602 quorumlibet,
996 2484 1268 2598 arecepcione
1296 2483 1356 2568 vel
1374 2481 1546 2568 custodia
1576 2498 1640 2569 aul
1655 2483 1843 2569 conductu
1858 2497 2030 2569 castora-

405 2603 561 2706 riorum,
593 2604 679 2716 quia
701 2617 872 2686 castores
913 2605 950 2686 in
971 2600 1102 2686 eadem
1119 2599 1325 2685 hereditate
1342 2615 1536 2687 manentes
1548 2601 1687 2687 cedunt
1703 2602 1878 2686 fratribus
1895 2597 2030 2684 domus

406 2718 639 2834 supradicte;
671 2718 889 2804 acustodia
910 2735 947 2806 et
967 2718 1161 2804 solucione
1191 2717 1448 2824 herodiorum,
1482 2720 1584 2836 quod
1614 2726 1724 2804 solsol
1751 2718 1899 2820 dicitur,
1930 2717 2029 2800 avi-

321 2877 336 2908 e
407 2839 501 2923 cinia
518 2834 739 2953 quudepolc
750 2837 947 2954 wlgariter
961 2851 1213 2951 nuncupatur,
1236 2836 1374 2923 above
1392 2851 1428 2921 et
1443 2867 1573 2936 vacca,
1586 2845 1766 2924 et‘uloscu
1782 2843 1920 2949 opolno
1936 2833 2030 2945 (sic),

404 2955 453 3041 ab
474 2955 573 3042 omni
595 2954 792 3040 exactione
813 2955 895 3040 sive
914 2955 1152 3057 collectione,
1185 2955 1394 3041 evecturis
1417 2968 1454 3038 et
1470 2955 1793 3072 expediciunibuS,
1826 2966 1863 3040 et
1883 2949 1932 3038 ab
1948 2982 2030 3038 em-

403 3074 510 3160 nibus
540 3071 680 3158 iuribus
711 3073 746 3158 in
775 3072 935 3161 Polonia
965 3073 1192 3176 constitutiS,
1234 3071 1530 3190 quibuscumque
1562 3073 1773 3161 numinibus
1795 3088 2031 3159 censeantur.

402 3189 454 3276 Et
473 3192 506 3277 si
526 3189 773 3275 homicidium
786 3192 880 3276 inter
900 3190 1043 3276 incolas
1075 3193 1218 3304 prolate
1240 3190 1478 3296 hereditatis,
1512 3223 1585 3309 quc
1605 3199 1824 3304 Lippuqoru
1860 3205 2029 3296 vocatur,

405 3308 757 3427 contigerituullus,
785 3310 854 3395 nisi
871 3309 1004 3396 Abbas
1026 3322 1062 3395 et
1076 3309 1221 3413 iratres,
1234 3339 1368 3426 penam
1387 3312 1596 3425 percipiant
1616 3308 1823 3425 capitalem.
1845 3303 1894 3391 Et
1914 3307 1945 3392 si
1962 3335 2027 3392 vo·
2070 3359 2073 3370 ·
2113 3319 2115 3324 '

325 3515 329 3528 ,
404 3426 555 3530 luerint,
587 3425 830 3512 hereditatem
852 3426 1012 3512 eandem
1033 3440 1224 3543 poterunt,
1246 3428 1317 3513 iarn
1340 3442 1471 3512 nostra
1486 3428 1643 3513 licencia
1666 3455 1781 3541 super
1801 3425 1875 3510 hdo
1892 3425 2030 3531 habita,

397 3547 483 3660 jure
505 3542 716 3631 theutonico
744 3545 903 3646 tradere
925 3544 1181 3631 excolendam.
1224 3543 1347 3662 Hujus
1367 3546 1421 3629 rei
1439 3561 1553 3632 testes
1571 3557 1666 3630 sunt:
1698 3545 1838 3630 Comes
1855 3541 2031 3630 Bozatha

405 3661 644 3748 Castellanus
663 3659 894 3768 Lendensis,
917 3663 1056 3750 Comes
1078 3663 1208 3750 Busco
1230 3663 1400 3750 Venator
1416 3663 1661 3764 Kalisiensis,
1686 3661 1827 3761 Comes
1847 3658 2030 3749 Nicolaus

404 3779 681 3866 Thezaurarius
712 3775 940 3882 LendensiS,
980 3779 1120 3865 Comes
1151 3777 1268 3866 Ozias
1299 3781 1560 3896 Subpincerna
1594 3779 1816 3867 Kalisiensis
1846 3794 1883 3864 et
1910 3779 2029 3865 dasco

319 3897 324 3920 “
403 3896 584 3984 Notarius
614 3897 717 3982 curie
748 3907 889 3981 nostre.
929 3895 982 3980 Ut
1001 3911 1125 3982 autern
1146 3897 1219 3982 hec
1240 3913 1327 3984 rata
1349 3912 1387 3984 et
1407 3899 1627 3986 inconvulsa
1651 3912 1915 4014 permaneant,
1941 3927 2028 4013 pre·

484 4210 547 4314 ⁶(2)
577 4213 738 4312 Sluppuho
762 4226 793 4282 ct
814 4215 995 4314 Stupoeinelr
1015 4214 1102 4312 villae
1123 4223 1193 4281 suut
1214 4210 1394 4283 Coninensis
1414 4215 1559 4284 territorii
1583 4226 1613 4283 et
1627 4216 1776 4301 regionis,
1802 4235 1932 4302 quarum
1955 4213 2031 4281 haec

402 4301 639 4387 Mys'lrborensis,
654 4303 702 4366 illa
719 4302 899 4378 Ladeccnsrs
914 4309 960 4368 est
974 4299 1144 4385 parochiae.

504 4384 543 4468 (³)
574 4384 664 4470 Lupia
676 4387 753 4470 ydra
770 4387 834 4450 villa
850 4385 1030 4451 Coninensis
1046 4385 1190 4450 territorii
1206 4391 1236 4448 el
1250 4385 1390 4469 regionis,
1406 4384 1609 4450 Dembnensis
1624 4395 1726 4450 autern
1743 4383 1914 4469 parochiae.

504 4471 542 4556 (4)
575 4471 610 4534 M
628 4468 1432 4565 ilibdrzpamchialisvillaest,·Slugoein0proxima3
1459 4466 2029 4535 nullaautemvillainhocterriturio
2098 4542 2102 4548 ¹
2196 4503 2200 4507 ·

402 4562 465 4632 est,
487 4575 565 4702 guse
616 4557 711 4620 teano
728 4561 911 4619 nommetur.
952 4554 1055 4632 Quum
1079 4564 1178 4622 tamen
1194 4554 1315 4633 duobus
1331 4555 1380 4620 vix
1395 4553 1580 4620 milliariisa
1607 4555 1783 4638 Mysliboriu
1807 4555 1873 4618 villa
1896 4552 2031 4620 alcone

403 4658 493 4725 paroc
516 4640 562 4704 iae
577 4639 819 4706 Grabienicensis
835 4637 936 4715 distet,
951 4640 1042 4722 eique
1058 4661 1152 4724 pagus
1167 4639 1326 4724 Bislmpice
1341 4639 1437 4703 dictus
1453 4639 1545 4722 (quod
1563 4658 1675 4702 nomen
1692 4658 1784 4723 pagos
1796 4639 1833 4701 ad
1847 4639 1872 4701 E
1895 4639 2031 4721 isccpum

402 4721 588 4807 pertinentes
602 4725 775 4808 saepissime
791 4725 937 4787 denotare
952 4723 1080 4805 solebat)
1093 4726 1132 4788 sit
1168 4726 1318 4799 coximus,
1342 4734 1523 4806 ceteraeque
1539 4722 1626 4786 villae
1643 4725 1816 4788 monasterii
1831 4659 1931 4788 eidem
1947 4721 2032 4805 edia-

400 4813 499 4882 ceunt,
514 4826 588 4869 raro
603 4827 663 4870 non
679 4809 813 4873 absimile
830 4808 902 4871 mihi
919 4805 1045 4881 ridetur,
1061 4827 1116 4890 pro
1158 4809 1255 4874 losino
1270 4810 1316 4874 vol
1332 4809 1469 4884 tirocino,
1485 4806 1585 4872 villum
1599 4806 1793 4877 Blotnioebie
1805 4806 2030 4892 intelligendam

402 4912 479 4969 csse,
493 4889 672 4956 Conincnsis
686 4892 829 4957 territorii
846 4903 877 4957 ct
892 4891 1033 4974 regionis.
1308 4905 1311 4910 ·
1495 4898 1503 4913 ·
