4788 5926
1077 749 1327 820 ...40-

386 950 595 1056 debebunt,
627 965 665 1037 et
691 950 829 1038 Abbati
856 947 944 1036 dicti
964 949 1178 1036 monasterii
1199 977 1333 1065 penam
1355 948 1520 1055 solvent,
1551 971 1624 1060 que
1638 955 1897 1062 pentoacessce
1918 984 2012 1041 nun·

388 1084 556 1185 cupatur.
607 1067 695 1155 Hoe
725 1067 919 1154 decretum
949 1079 1117 1154 nostrum
1146 1079 1267 1154 ratum
1299 1082 1336 1154 et
1366 1064 1529 1171 lirmum,
1571 1067 1709 1155 nostris
1745 1099 1793 1156 ao
1823 1072 2012 1188 perpetuis

387 1187 615 1304 temporibus
651 1187 866 1272 censuimus
901 1183 1128 1271 duraturum.
1178 1182 1221 1269 ln
1256 1185 1367 1301 bujus
1401 1185 1457 1268 rei
1492 1186 1759 1292 testimonium,
1800 1204 2013 1304 presentem

388 1305 542 1393 litteram
558 1304 629 1390 sibi
644 1301 725 1388 dari
734 1305 929 1419 jussimus
951 1318 1164 1389 nostrorum
1181 1302 1389 1420 sigillorum
1404 1302 1602 1388 munimine
1615 1302 1843 1391 roboratam.
1875 1304 2012 1392 Actum

388 1437 425 1507 et
454 1419 579 1508 datum
610 1421 645 1507 in
678 1420 834 1507 Gnezna
863 1421 957 1504 inira
989 1432 1162 1505 octavam
1193 1420 1291 1506 beati
1321 1418 1515 1506 aldelberti
1543 1417 1686 1536 Episco
1714 1421 1725 1505 i
1756 1437 1792 1507 et
1821 1421 2012 1538 lllartyriS,

413 1540 532 1626 atroni
547 1539 791 1642 Polonorum,
807 1565 907 1623 anno
924 1537 1058 1624 domini
1075 1535 1133 1622 Μ0
1152 1536 1233 1622 CC⁰
1246 1537 1536 1656 quadragesimo
1553 1450 1734 1625 secundb.
1765 1535 2012 1632 presentibus

385 1569 473 1772 lijs:
505 1655 657 1745 domiuo
677 1655 869 1775 Bogulalo
890 1652 1086 1773 Episcopo
1107 1652 1377 1761 Poznaniensi,
1408 1651 1611 1774 Bogomilo
1633 1655 1805 1742 Palatino
1826 1657 2013 1744 Poznani-

376 1775 488 1883 ensi,
528 1774 747 1890 Dirsicrayo
777 1772 950 1859 Palatino
981 1773 1205 1860 Kalissiensi
1227 1771 1298 1885 (³),
1337 1772 1548 1860 Demarato
1578 1771 1713 1858 dudice
1750 1773 2011 1881 Pozuaniensi,

386 1891 564 1980 Jaroslao
579 1891 714 1978 lodice
731 1890 970 1996 Kalissiensi,
991 1889 1131 1978 blatbia
1152 1889 1190 1977 N
1193 1893 1312 1978 otario
1332 1904 1475 1995 nostro,
1498 1905 1533 1976 et
1552 1890 1633 1975 aliis
1648 1890 1769 1978 multis
1785 1890 1860 1978 lide
1877 1892 2012 2010 dignis.

489 2137 529 2223 (³)
559 2137 684 2205 catise‘a
699 2137 821 2226 (Kalisz)
835 2141 909 2206 urbe
923 2139 1021 2225 Regni
1035 2140 1190 2217 Poloniae,
1206 2160 1286 2206 nunc
1301 2138 1446 2206 territorii
1459 2139 1662 2226 regionisque,
1678 2160 1757 2205 anno
1769 2159 1842 2206 rere
1853 2139 2012 2226 superiore

387 2221 479 2289 etiarn
495 2225 665 2309 provinciae
679 2226 726 2291 rui
741 2226 870 2292 nominis
886 2234 986 2314 ceput,
999 2224 1053 2292 ubi
1068 2226 1148 2292 rivus
1164 2225 1311 2310 Sueudry
1326 2245 1395 2292 eum
1411 2224 1502 2290 lluvio
1518 2225 1633 2290 Promo
1648 2223 1783 2291 conlluit.

1122 2567 1279 2680 XXXl·
1397 2601 1399 2609 Α

599 2825 896 2930 naupacti,
923 2842 1088 2922 anno,
1104 2820 1270 2909 1242.
1298 2825 1392 2909 dte
1416 2823 1507 2912 23.
1539 2827 1809 2911 octobres.

388 3027 644 3100 mundus
657 3025 728 3102 ltux
742 3026 908 3101 oncense
923 3030 956 3099 et
969 3025 1138 3202 mrildito’
1152 3026 1316 3200 privilegip
1329 3027 1513 3215 (aprustani
1528 3027 1777 3102 deterdeusiuu
1790 3027 2013 3123 sunjoriuub

1068 3145 1086 3198 e
1131 3145 1169 3201 ec
1182 3145 1299 3200 runem
1370 3183 1378 3201 .

333 3438 338 3452 ,
487 3348 702 3464 Principum
712 3364 941 3437 terrenorum
959 3349 1215 3436 munificencia
1226 3347 1405 3458 liberalis,
1422 3351 1524 3464 qued
1538 3354 1658 3472 gratis
1673 3352 1812 3456 tribuit,
1828 3353 2013 3441 existimat
2051 3351 2059 3362 '

387 3497 430 3556 se
445 3465 604 3574 debere,
636 3483 674 3554 et
693 3469 762 3554 nisi
782 3484 931 3554 crescet
951 3470 987 3554 in
1008 3470 1087 3555 suis
1108 3468 1317 3586 beneficijs,
1348 3501 1391 3556 se
1411 3471 1521 3558 nichil
1538 3470 1675 3557 iudicat
1695 3470 1912 3557 contulisse.
1943 3470 2013 3558 Set

388 3586 563 3698 (proraiam
584 3616 713 3672 eorum
736 3583 966 3673 donaciones
988 3587 1114 3702 sepius
1145 3617 1215 3703 per
1244 3617 1495 3675 successores
1520 3585 1715 3676 malivolos
1736 3586 2009 3692 rescinduntur,

388 3733 472 3788 cum
498 3705 636 3819 pocius.
664 3703 845 3790 deberent
871 3704 1056 3819 ampliari,
1091 3704 1128 3787 in
1155 3705 1351 3792 oblivionis
1371 3707 1537 3821 pernicie
1556 3735 1625 3792 seu
1646 3706 1924 3824 privilegiorum
1944 3733 2012 3790 ve·

389 3833 526 3908 tustate
567 3850 808 3908 corrosorum
847 3822 1057 3908 viciacione
1113 3851 1220 3906 suam
1261 3823 1468 3931 nequiciam
1507 3823 1719 3928 fulcientes,
1770 3819 2046 3939 providencia
2092 3823 2096 3832 '

381 3937 583 4025 laudabilis
597 3938 801 4040 adinvenit,
822 3950 908 4022 aeta
922 3936 1129 4024 mortalium
1145 3937 1346 4024 litterarum
1362 3939 1530 4054 apicibus
1551 3941 1796 4042 comendare,
1821 3939 2012 4048 antiquata

338 4147 343 4158 ,
389 4085 538 4172 queque
579 4058 720 4172 scripta
758 4083 961 4155 renovare,
1018 4069 1150 4140 eontra
1190 4056 1360 4141 morbum
1402 4055 1588 4173 duplicem
1629 4057 1768 4174 duplex
1807 4053 2013 4142 antidotum

376 4171 639 4288 preparando.
690 4173 749 4258 Ea
785 4185 940 4288 propter
980 4173 1151 4259 noverint
1187 4173 1348 4260 universi
1387 4187 1462 4259 tem
1497 4189 1696 4292 presentes
1729 4202 1839 4285 quam
1870 4174 2011 4290 posteri

385 4300 599 4407 presentem
620 4292 797 4408 paginam
818 4290 1037 4408 inspecturi,
1077 4289 1178 4408 quod
1210 4321 1281 4378 nos
1312 4290 1513 4379 Comedus
1534 4291 1594 4378 dei
1612 4293 1748 4412 gracia
1768 4291 1954 4377 Craoovie
1975 4306 2013 4376 et

487 4539 527 4623 (¹)
555 4539 602 4604 Ex
618 4536 795 4622 apographo
809 4538 866 4603 sub
881 4538 971 4604 finem
988 4540 1048 4604 XV
1062 4538 1107 4606 vel
1123 4539 1210 4604 initio
1225 4536 1329 4603 XVI*ni
1345 4541 1439 4606 seculi
1454 4543 1642 4616 concinnato,
1663 4539 1756 4625 quod,
1778 4545 1926 4625 quuobrm
1940 4557 2011 4604 cum

387 4621 616 4689 confirmatione
626 4623 961 4708 Lesconiscognomiue
975 4622 1059 4707 Nigri
1071 4626 1141 4689 anni
1154 4623 1235 4688 1279
1250 4624 1420 4699 concinnet,
1435 4624 1521 4710 cujus
1536 4625 1669 4690 tabulam
1679 4623 1884 4689 authenticam
1899 4623 2011 4690 Comes

385 4707 597 4792 Bryszczeuius
607 4707 708 4784 babet,
720 4729 758 4773 ex
769 4705 1016 4772 annotationibus
1029 4709 1139 4772 nostris
1149 4709 1322 4792 perspicies.
1337 4708 1423 4774 Cous.
1433 4709 1578 4774 Leseouis
1611 4708 1774 4774 raedictom
1786 4707 1920 4773 confirm.
1935 4705 2012 4771 iulru

385 4790 430 4855 Νθ
446 4790 526 4854 LXI.
538 4790 857 4858 exhibitam-Verba
869 4791 952 4854 uncis
964 4789 1075 4855 inclusa
1091 4810 1125 4855 eu
1142 4796 1307 4870 comecias,
1325 4813 1403 4876 quoe
1418 4812 1511 4876 quum
1528 4793 1558 4857 iu
1570 4729 1674 4858 odana
1689 4791 1926 4859 confirmationis
1941 4791 2011 4856 anui

388 4874 470 4940 rato
486 4875 588 4940 avulsa
604 4875 672 4953 siut,
687 4876 852 4942 secundum
868 4873 1032 4959 apographi
1048 4875 1160 4960 antiqui
1175 4883 1314 4942 tonorum
1329 4877 1525 4942 restituimus.
