4788 5926
1027 741 1273 812 ..57...

344 941 498 1061 Cujavie
530 957 566 1026 et
585 939 782 1046 Lancicie‚
814 953 940 1025 notum
962 941 1261 1046 essevolumus,
1302 956 1376 1026 tam
1397 941 1632 1058 presentibus
1655 971 1767 1060 quam
1787 948 1961 1061 posteris,

342 1077 432 1180 quot
451 1090 522 1177 pro
537 1057 704 1145 remedio
721 1058 842 1144 anime
858 1073 986 1144 nostre
1001 1087 1048 1143 ac
1065 1059 1225 1144 omnium
1241 1073 1438 1175 parentum
1454 1076 1677 1163 nostrorum,
1698 1065 1964 1150 renovavimus
2099 1095 2102 1104 ’

341 1177 575 1296 priuilegium
605 1175 762 1294 gloriosi
799 1177 928 1262 Ducis,
951 1175 1130 1291 Kazimirj
1167 1178 1227 1261 avi
1262 1178 1398 1281 nostri,
1430 1178 1539 1263 nimia
1575 1193 1761 1266 vetustate
1788 1181 1895 1266 simul
1928 1195 1965 1266 et

289 1381 296 1396 ,
341 1296 569 1414 negligentia
606 1296 821 1398 contritum,
868 1308 958 1411 quot
987 1294 1160 1380 fratribus
1198 1293 1246 1378 de
1277 1300 1409 1404 Lpodc
1430 1295 1571 1382 ordinis
1605 1295 1881 1408 Cysterciensis
1903 1327 1963 1384 su·

339 1443 410 1529 per
438 1414 604 1530 ipsorum
635 1411 901 1499 hereditatibus
923 1411 1063 1496 scilicet
1087 1416 1202 1496 Clota
1236 1426 1273 1496 et
1296 1407 1524 1523 Ctoceue(²)
1546 1415 1714 1502 noscitur
1750 1415 1962 1520 contulisse,

341 1559 441 1616 3333
469 1527 605 1614 domini
635 1527 694 1614 111ο
720 1530 767 1614 C⁰
803 1531 1135 1647 quinquagesimo:
1181 1530 1217 1614 in
1248 1557 1324 1645 quo
1355 1530 1630 1640 continebatur,
1671 1544 1763 1648 quot
1794 1532 1964 1618 homines

339 1647 592 1762 predictarum
613 1646 780 1733 villarum
809 1647 857 1732 ab
879 1649 978 1734 omni
991 1647 1078 1761 jure
1099 1645 1297 1763 polonicali
1318 1647 1421 1734 liberi
1444 1661 1572 1736 essent
1593 1661 1630 1733 et
1650 1652 1828 1763 exempti,
1860 1649 1962 1734 uide-

339 1765 443 1852 licet:
464 1793 652 1876 apowos,
673 1764 722 1848 ab
744 1765 841 1852 omni
856 1783 1020 1875 premet,
1043 1793 1066 1848 3
1087 1783 1232 1868 stroso,
1253 1794 1278 1848 3
1299 1775 1382 1866 dou,
1406 1798 1545 1861 ccrcz,
1563 1784 1781 1878 potuorouc,
1805 1785 1961 1879 torpores

288 1950 291 1958 ,
340 1882 441 1994 (sic),
471 1900 628 1987 mestoc,
660 1911 683 1966 3
704 1895 914 1970 castrorum
937 1881 1084 1967 edificio
1114 1911 1182 1968 seu
1203 1883 1376 1998 poncium
1399 1883 1662 1999 quorumlibet,
1694 1887 1963 2000 arecepcione

338 1999 398 2088 vel
419 1997 589 2084 custodia
610 2011 674 2092 aut
694 1998 882 2085 conductu
904 2001 1206 2104 castorariorum,
1228 1999 1441 2086 acustodia
1464 2017 1500 2086 ct
1515 2002 1711 2089 solucione
1733 2001 1961 2104 aradiorum,

340 2128 430 2232 quot
459 2122 568 2200 solsol
596 2115 749 2222 dicitur;
786 2147 811 2201 3
836 2117 987 2219 vicinia,
1019 2131 1109 2232 quot
1138 2126 1245 2228 opole
1275 2118 1469 2230 wlgariter
1498 2131 1752 2236 nuncupatum
1795 2120 1844 2204 ab
1865 2121 1964 2204 omni

340 2235 536 2321 exactione
558 2235 637 2318 sive
659 2234 901 2343 collectione3
932 2262 955 2318 a
975 2234 1138 2320 vecturis
1166 2248 1204 2317 et
1224 2232 1548 2347 expedicionibus,
1582 2251 1618 2320 et
1645 2237 1693 2321 ab
1715 2236 1886 2322 omnibus
1900 2238 1962 2348 ju-

197 2457 203 2468 .
339 2351 442 2436 ribus
465 2352 501 2434 13
522 2347 686 2434 dominio
707 2363 838 2435 nostro
858 2351 1082 2454 constitutis,
1115 2349 1398 2466 quibuscunque
1429 2366 1653 2436 censeantur
1674 2353 1881 2437 nominihus
1901 2349 1963 2459 (³).

339 2466 440 2552 Nulli
462 2495 556 2581 ergo
581 2466 879 2552 Castellanorum
901 2480 966 2549 aut
978 2464 1146 2580 judicum
1167 2466 1326 2552 scitandi
1348 2467 1430 2577 (sic)
1451 2483 1514 2551 aut
1527 2465 1731 2581 judicandi,
1754 2470 1789 2551 in
1811 2469 1964 2584 prelatis

339 2581 548 2670 bominibus
570 2613 638 2673 seu
667 2581 760 2667 villis
781 2581 999 2697 prescriptis
1021 2583 1085 2696 jus
1114 2581 1252 2699 aliquot
1271 2579 1591 2694 reservames.(⁴)
1629 2581 1708 2668 Sed
1730 2611 1813 2668 cum
1834 2587 1964 2700 gravis

341 2729 457 2786 causa
488 2701 699 2804 emerserit,
732 2730 806 2816 que
841 2727 972 2784 coram
998 2697 1147 2784 Abbate
1175 2700 1236 2784 vel
1264 2701 1346 2786 cius
1374 2698 1497 2786 iudice
1527 2703 1794 2790 conuenienter
1821 2699 1965 2788 dilluniri

341 2849 415 2904 non
450 2819 607 2932 poterit,
647 2815 696 2900 ad
737 2816 974 2932 presenciam
1007 2829 1174 2902 nostram
1212 2845 1297 2904 cum
1326 2815 1439 2904 anulo
1473 2831 1604 2904 nostro
1645 2817 1770 2904 scitari
1807 2817 1963 2924 dehent,

339 2937 567 3021 remittentes
589 2934 725 3019 Abbati
762 2932 936 3102 quicquid
974 2935 1053 3017 iure
1083 2933 1204 3049 iudicij
1237 2936 1411 3038 cesserit,
1449 2949 1485 3019 et
1506 2965 1691 3051 nusquam
1726 2935 1963 3038 incarcerari,

341 3054 409 3138 uisi
440 3053 476 3138 in
497 3050 644 3141 stabulo
674 3051 856 3160 Abbatis(
886 3052 910 3159 ).
932 3050 1199 3136 Continebatur
1234 3047 1491 3136 nichilominus
1525 3051 1562 3135 in
1592 3051 1726 3138 eodem
1756 3052 1962 3170 priuilegio,

341 3183 432 3287 quot
466 3167 717 3282 predictarum
751 3169 919 3254 villarum
948 3166 1119 3254 homines
1156 3171 1192 3254 in
1213 3167 1420 3262 subsidium
1440 3171 1782 3282 prenominatorum
1809 3170 1966 3256 lratrum

340 3288 528 3372 annuatim
560 3287 708 3372 soluere
737 3302 905 3372 tenentur
932 3283 1018 3372 LX³
1042 3285 1249 3401 manipulos
1281 3315 1379 3376 nove
1408 3285 1583 3402 siliginis,
1616 3288 1777 3403 quinque
1806 3289 1964 3401 capacia

220 3401 224 3409 ’
341 3433 490 3490 annone
525 3417 687 3509 metere,
719 3402 836 3490 tribus
867 3402 1000 3488 diebus
1022 3418 1177 3518 segetes
1198 3431 1384 3519 purgare,
1416 3432 1483 3517 per
1515 3432 1630 3488 unum
1661 3402 1760 3487 diem
1780 3404 1961 3502 triturare,

340 3536 420 3608 rete
442 3519 608 3624 trabere,
650 3522 803 3608 infesto
825 3521 945 3606 sancti
965 3519 1163 3606 Michaelis
1192 3519 1356 3607 modium
1385 3548 1526 3623 avene,
1571 3548 1643 3634 pro
1663 3517 1781 3606 tribus
1801 3519 1964 3636 panibus

341 3667 555 3724 mensuram
584 3639 711 3740 tritici,
745 3652 820 3723 tres
851 3666 965 3724 urnas
996 3637 1133 3752 brasij,
1152 3651 1250 3722 ¹tres
1271 3636 1391 3727 chitas
1422 3635 1502 3742 lini,
1536 3649 1611 3724 tres
1642 3637 1868 3754 plaustratas
1889 3639 1962 3724 leni

340 3755 567 3869 totidemque
597 3754 802 3873 lignorum,
854 3753 952 3840 duos
982 3768 1137 3847 truncos
1167 3754 1226 3842 de
1236 3756 1345 3872 pino,
1396 3766 1539 3840 etcum
1570 3757 1781 3844 necessitas
1809 3756 1967 3846 fratrum

341 3875 526 3991 exegerit,
548 3888 622 3958 tam
644 3871 841 3988 pedestres
863 3901 975 3990 quam
996 3887 1192 3990 equestres
1208 3873 1384 3960 mandata
1406 3901 1534 3960 eurum
1556 3872 1733 3990 dirigere.
1763 3871 1848 3958 Nos
1869 3902 1961 3958 vcro

338 3991 620 4108 progenitorum
655 4002 869 4080 nostrorum
890 3988 1152 4100 devocionem·
1173 3994 1234 4109 pio
1255 4003 1527 4108 prosequentes
1554 3991 1706 4093 ellectu,
1747 3991 1820 4076 iam
1840 3988 1962 4078 dictus

335 4107 566 4212 hereditates
587 4139 670 4194 cum
692 4109 899 4196 hominibus
921 4122 958 4192 et
979 4137 1107 4196 eorum
1128 4111 1316 4225 servicijs,
1338 4106 1446 4196 simul
1467 4121 1504 4192 et
1523 4107 1767 4210 libertatibus,
1789 4105 1963 4194 iratribus

440 4359 465 4440 (²
510 4355 598 4422 Cant
608 4355 645 4422 ad
658 4355 842 4442 privilegium
855 4356 924 4422 3331
937 4357 1019 4422 1145
1034 4357 1076 4424 Νο
1090 4358 1143 4422 Ι1110
1151 4356 1359 4440 praemissum,
1369 4359 1597 4422 annotationem
1604 4357 1733 4442 primam
1746 4366 1777 4422 et
1786 4356 1959 4422 secundam.

441 4445 465 4524 (1
510 4441 669 4506 Commata
686 4439 773 4525 (quau
788 4439 937 4524 dicuntur)
954 4441 983 4505 in
998 4439 1054 4505 bae
1069 4442 1259 4506 exactionum
1275 4440 1503 4506 enumeratione
1519 4441 1557 4505 ita
1575 4442 1745 4526 posuimus,
1764 4449 1798 4506 ut
1813 4443 1841 4504 13
1858 4439 1959 4504 arebe-

339 4537 410 4615 typo
426 4547 532 4614 reapse
550 4528 667 4609 punctis
682 4527 835 4611 designata
851 4533 930 4589 suut

441 4610 478 4696 (⁴)
508 4609 608 4675 Verba
635 4611 780 4696 privilegii
810 4607 849 4674 ad
879 4609 958 4674 hunc
987 4629 1082 4694 usque
1109 4609 1210 4674 locum
1236 4609 1414 4691 praemissa,
1446 4611 1572 4675 omnino
1595 4629 1665 4675 cum
1692 4608 1789 4674 verbis
1815 4608 1960 4693 privilegii

297 4736 302 4750 ι
339 4697 487 4764 Miccislai
501 4699 572 4758 3331
589 4699 671 4761 1145
685 4697 853 4772 concinere,
868 4694 954 4758 facile
969 4713 1142 4779 cognosces.

442 4782 480 4864 (ὃ)
509 4781 595 4846 Hanc
611 4782 842 4866 praecedentem
859 4779 1002 4864 privilegii
1019 4787 1145 4863 partem,
1160 4777 1281 4843 tabulae
1296 4780 1365 4844 anni
1384 4780 1464 4845 1145
1480 4776 1662 4842 inLelevelii
1679 4795 1770 4862 opere
1786 4775 1960 4861 supradicto

340 4867 435 4950 (Pocz.
450 4866 585 4948 prawud.
601 4865 672 4952 pol.)
687 4867 855 4952 descriptae
870 4871 1001 4929 assutam
1018 4883 1093 4941 csse,
1109 4863 1285 4936 alterutram
1300 4861 1485 4930 conferendo
1500 4861 1621 4927 ridebis.
1966 4863 1972 4874 '
