4778 5952
912 777 923 794 ·
1105 701 1417 833 &aas-s

422 998 494 1058 nus
515 968 683 1056 etheree
704 975 774 1050 etc.
817 959 1083 1076 significamus
1104 976 1236 1048 tenore
1254 957 1509 1076 presencium,
1542 956 1676 1074 quibus
1697 956 1852 1074 expedit
1868 960 2055 1053 universis

422 1104 462 1178 et
492 1085 668 1204 singulb,
698 1081 941 1198 'presentibus
977 1093 1014 1166 et
1039 1078 1172 1166 suturis
1214 1075 1344 1166 barum
1386 1077 1559 1164 noticiam
1599 1074 1799 1171 habituris:
1847 1073 2054 1189 Quomodo
2182 1172 2190 1194 ,

422 1207 572 1294 nomine
606 1191 752 1290 Nobilis
787 1197 971 1288 lobannis
1007 1195 1178 1284 Grotbek
1214 1193 1359 1288 sculteti
1389 1191 1475 1280 ville
1492 1208 1637 1292 'nostpe
1676 1197 1819 1307 Glyco,
1859 1193 1897 1283 in
1933 1195 2085 1300 Terra·

422 1320 656 1411 lanciciensi
677 1331 715 1406 et
735 1316 904 1406 districtu
923 1311 1171 1405 Br'zezinensi
1195 1313 1444 1418 consistentis,
1474 1311 1721 1428 supplicatum
1738 1311 1852 1409 ,nobis
1871 1312 2055 1430 humilitas

420 1443 557 1543 extitit,
589 1452 627 1525 ut
656 1434 827 1554 ejusdem
859 1433 1003 1524 sculteti
1035 1429 1270 1550 priuilegium
1301 1431 1416 1548 super
1447 1429 1666 1520 sculteciom
1688 1429 1788 1521 dicto
1807 1431 1892 1518 ville
1914 1448 2079 1538 nostre·

422 1558 525 1654 titulo
547 1570 583 1645 et
603 1556 748 1672 sigillo,
779 1568 890 1669 proin
920 1549 1113 1639 incudem
1144 1548 1354 1667 priuilegio
1370 1548 1520 1642 inlerius
1550 1547 1802 1646 describendo
1834 1550 2054 1654 continetur,

299 1739 307 1761 2
420 1677 609 1778 munitum,
630 1687 785 1792 propter
800 1684 1033 1773 vetustatem,
1051 1696 1126 1786 qua
1141 1667 1381 1774 consumitur,
1402 1669 1597 1770 innovare,
1617 1665 1845 1784 approbare,
1866 1667 2055 1766 ratisroara

421 1811 460 1882 et
483 1793 709 1882 confirmare
740 1786 993 1906 dignaremur.
1045 1787 1163 1902 Cuius
1184 1783 1333 1904 quidem
1354 1784 1538 1904 priuilegij
1561 1799 1669 1882 tenor
1689 1783 1737 1873 de
1757 1785 1877 1887 verbo
1897 1784 1946 1882 ad
1967 1785 2053 1886 veri
2094 1853 2103 1864 .

420 1913 509 2000 burn
531 1911 697 2028 sequitur
718 1923 755 1996 et
775 1919 834 1994 est
853 1906 956 1994 telis:
1163 1985 1166 1994 ,
1220 1990 1222 1998 ⁴
1774 1927 1818 1941 ··

523 2033 630 2116 1364.
666 2024 852 2116 Noverint
867 2026 1041 2129 universi,
1063 2021 1300 2140 presencium
1314 2023 1494 2113 noticiam
1509 2019 1679 2114 babituri
1702 2019 1822 2134 Quod
1838 2018 1950 2135 [Nus]
1966 2019 1998 2108 F
2001 2021 2053 2108 lo,

280 2163 284 2172 '
420 2149 559 2249 riscus,
582 2144 840 2234 Cancellarius
860 2139 1118 2233 Lanciciensis
1148 2154 1185 2226 et
1206 2142 1421 2255 prepositus
1451 2141 1718 2230 Gracouiensis
1738 2140 1934 2255 cupientes
1954 2139 2051 2237 bona

312 2271 314 2276 ’
422 2261 658 2352 Cancellarie
695 2276 824 2350 nostre
859 2261 896 2345 in
928 2260 1103 2348 meliores
1142 2259 1285 2346 reditus
1320 2256 1520 2375 ampliare,
1562 2256 1796 2349 vendidimus
1837 2256 2052 2349 sculteciatn

217 2468 222 2488 ,
347 2467 350 2473 .
420 2381 607 2473 Sdzeslao
638 2380 711 2466 ulo
743 2378 973 2467 Thornkonis
994 2377 1044 2466 de
1069 2385 1277 2466 Bzeezt'eza
1308 2378 1344 2464 in
1373 2377 1460 2464 villa
1480 2390 1611 2464 nostra
1632 2374 1733 2464 dictu
1765 2379 1890 2488 Glpna
1910 2375 1995 2471 sitta
2016 2376 2053 2462 in

420 2515 520 2588 terra
541 2497 796 2601 Laneiciensi‚
826 2498 862 2584 in
884 2495 1009 2599 fluvio,
1037 2497 1101 2614 qui
1121 2501 1322 2582 anzoznn
1342 2508 1614 2613 nuncuppatur‚
1634 2523 1704 2609 pro
1726 2492 1895 2592 sedecim
1916 2492 2052 2582 marcis

421 2645 647 2734 grossorum
675 2616 939 2731 pragensium,
971 2614 1105 2700 dantes
1126 2611 1246 2704 eidem
1268 2612 1426 2704 sculteto
1458 2615 1494 2699 in
1525 2613 1624 2703 dicta
1653 2612 1741 2701 villa
1771 2609 1879 2714 duos,
1897 2637 2052 2699 mansos

420 2733 561 2819 liberos
593 2732 644 2821 ab
673 2732 773 2819 omni
794 2729 988 2819 solucione
1008 2746 1161 2834 nostra,
1189 2759 1259 2817 seu
1279 2727 1353 2816 elia
1374 2730 1634 2848 qualicunque.
1674 2727 1734 2814 De
1755 2727 1888 2845 quibus
1909 2728 2050 2816 maneb

421 2850 606 2936 decimam
636 2845 810 2933 Ecclesie
840 2849 876 2932 in
906 2853 1114 2933 Rzeezr‘ezn
1144 2847 1267 2936 soluet
1297 2847 1558 2964 manipulatim.
1610 2846 1755 2939 Damus
1783 2847 1903 2932 eciam
1930 2842 2051 2932 eidem

421 2967 577 3054 sculteto
619 2978 656 3051 et
686 2963 764 3051 suis
805 2964 991 3083 legittinris
1032 2962 1321 3053 suecessoribus
1361 2965 1578 3053 sculteciam
1619 2963 1755 3052 dictam
1797 2977 2052 3063 commutare,

420 3084 583 3189 donare,
615 3080 800 3187 vendere,
832 3095 964 3168 nostro
987 3095 1216 3170 tamencum
1237 3110 1437 3169 consensu.
1487 3082 1687 3171 Predictus
1717 3082 1837 3169 eciam
1870 3081 2052 3170 scultetus

420 3200 641 3288 kmethones
675 3200 712 3284 in
742 3199 876 3286 eadern
896 3199 981 3284 villa
1007 3230 1077 3315 pro
1098 3199 1257 3320 singulis
1279 3202 1405 3288 causis
1426 3202 1553 3318 paruis
1574 3215 1612 3288 et
1630 3201 1801 3319 magnis,
1825 3200 1912 3314 jure
1933 3213 2049 3284 teutu-

421 3319 527 3423 nico‚
560 3315 661 3435 quod
683 3315 895 3403 Srzedense
915 3331 1092 3422 vocatur,
1116 3313 1302 3434 judicabit
1322 3331 1359 3404 et
1378 3317 1428 3404 de
1447 3321 1554 3435 penis
1575 3317 1728 3405 tercium
1758 3315 1950 3404 denarium
2005 3343 2050 3398 ro

420 3469 464 3526 se
485 3434 607 3540 tollet,
639 3464 722 3521 cun
746 3447 825 3521 toto
838 3435 1064 3550 juramento.
1116 3433 1304 3522 Scultetus
1326 3465 1418 3522 vero
1443 3437 1593 3540 cittatus
1614 3465 1744 3525 coram
1764 3433 1889 3536 uobis·
1914 3343 2049 3518 eotlbrn

414 3557 501 3671 jure
531 3551 786 3671 respondebit.
842 3555 1050 3669 Postquam
1081 3584 1173 3642 vero
1205 3553 1338 3671 elapsa
1368 3553 1476 3640 luerit
1495 3552 1667 3657 libertas,
1705 3583 1778 3670 que
1798 3553 1835 3638 in
1855 3547 2051 3636 locacione

419 3671 589 3788 ejusdem
611 3670 694 3755 ville
716 3683 775 3758 est
795 3669 903 3774 data,
934 3670 1085 3787 quilibet
1104 3669 1324 3772 limatbode
1345 3699 1479 3758 rnanso
1511 3671 1633 3773 nobis:
1655 3669 1854 3758 duodecim
1886 3691 2050 3788 gomses

419 3790 456 3876 in
478 3790 572 3876 lesto
594 3781 643 3872 sn
663 3786 811 3874 lllartini
833 3791 973 3891 soluet3
1007 3791 1170 3874 seruicia
1190 3791 1309 3873 eciam
1331 3803 1368 3875 et
1388 3789 1539 3875 labores
1560 3816 1629 3877 seu
1650 3788 1828 3892 bonores,
1853 3801 1966 3904 prout
1980 3785 2052 3872 alie

419 3905 503 3993 ville
524 3907 560 3993 in
581 3921 681 3992 terra
705 3900 881 3991 Lancicie
903 3905 1148 3992 teutonicales
1169 3903 1317 3992 soluerit
1337 3901 1456 3993 nobis.
1507 3905 1706 3997 Predictus
1727 3907 1848 3992 eciam
1868 3903 2051 3991 scultetus

418 4024 529 4112 nobis
550 4023 712 4110 seruicia
732 4017 937 4125 exhibebit,
971 4035 1083 4138 prout
1102 4022 1161 4110 alii
1183 4023 1329 4108 sculteti
1350 4022 1588 4157 prelatorum.
1624 4023 1760 4110 Actum
1810 4019 1994 4109 etdatum
2014 4022 2050 4108 in

419 4146 636 4228 Kazanowo
649 4135 728 4251 (2),
760 4140 851 4225 leria
871 4139 988 4226 tercia
1009 4140 1044 4224 in
1066 4153 1216 4225 octawa
1238 4153 1358 4226 sancti
1379 4141 1541 4247 Stelani,
1577 4171 1678 4246 anno
1699 4137 1835 4231 domini
1855 4137 2050 4226 millesimo

418 4258 671 4345 tricentesimo
687 4260 929 4377 sexagesino
947 4271 1093 4376 quarto.
1123 4257 1370 4346 Presentibus
1391 4257 1462 4376 hijs
1484 4258 1656 4347 testibus:
1677 4253 2054 4346 dominc‘Dobeslao‘

418 4373 561 4462 herede
581 4374 630 4461 de
654 4378 866 4488 Conpsslnje
885 4376 989 4486 (sic),
1021 4376 1176 4462 Stelano
1203 4374 1413 4484 heredede
1433 4383 1594 4479 Bedtno,
1626 4373 1817 4492 ,Woyslao
1837 4369 1979 4463 bercd'c
1998 4368 2048 4457 dc
2203 4425 2205 4430 ,

417 4493 640 4595 Pomorzun,
662 4489 852 4614 Gregorio
868 4493 1030 4608 plebano
1050 4491 1099 4578 de
1123 4497 1348 4606 Conrjaslnje,
1369 4495 1560 4584 Stanislao
1574 4493 1738 4610 plebano
1757 4491 1811 4581 de
1827 4461 2060 4589 occasune)

417 4609 590 4700 debanna
608 4610 774 4730 plebano
794 4610 843 4697 de
862 4617 1051 4711 Braezim,
1073 4624 1109 4696 et
1128 4610 1212 4729 clijs
1231 4640 1343 4729 quern
1360 4614 1525 4729 plurimis
1541 4611 1630 4699 viris
1650 4610 1725 4698 lide
1740 4608 1885 4730 dignis.-
2019 4621 2023 4630 '

521 4875 563 4958 (²)
592 4849 886 4963 Kaznnowopidurn
901 4876 933 4941 in
947 4873 1118 4942 palatinatu
1132 4873 1369 4945 Sandorniriensi
1384 4875 1534 4952 territorio
1550 4860 1624 4946 uero⁴
1643 4854 1839 4960 lladomiensi
1855 4877 1957 4953 situm.
2038 4934 2042 4943 .
