4912 5924
1103 675 1379 748 ..342-

421 877 673 997 geminibus,
693 877 854 994 allodiis,
872 876 1024 992 pnedijs,
1044 877 1171 993 curijo,
1191 877 1303 982 orcis,
1324 873 1492 993 edificijs,
1511 875 1725 980 somerio,
1741 877 1849 982 ort'm,
1867 881 2060 986 ortolanie,
2108 877 2115 885 ’

421 995 614 1098 ,labeonis
650 993 972 1102 tobemntnribuS,
1003 994 1226 1096 muccelllis,
1257 993 1455 1100 censibus,
1486 991 1780 1097 donationibus,
1795 1005 1851 1082 'et
1874 998 2059 1088 uniuersis

419 1111 668 1216 duobnbus,
699 1111 829 1218 siluiS,
856 1112 998 1217 burris,
1030 1113 1190 1217 uterinis,
1211 1111 1461 1230 indaginibus,
1482 1111 1708 1219 serentibus,
1727 1113 1880 1217 nttbelis,
1900 1117 2057 1234 stagnis,

424 1229 538 1334 niuis,
568 1231 710 1318 nwots
731 1229 835 1342 (sic),
866 1229 1092 1318 turmalibus
1115 1230 1219 1341 (sio),
1250 1231 1484 1348 gurgitibus
1515 1230 1689 1348 piscinis,
1720 1230 1992 1344 pisceturbus,
2021 1249 2091 1322 et·

426 1348 609 1436 universis
628 1348 846 1466 piscaturis,
874 1350 984 1466 cquis
1004 1363 1042 1436 et
1060 1378 1190 1436 eorum
1213 1346 1296 1458 (sic)
1314 1346 1558 1451 decursibus,
1578 1345 1800 1434 molendinis
1821 1350 2004 1465 equeticis
2023 1367 2058 1437 et

290 1503 294 1510 ·
426 1463 642 1570 vectilibus,
656 1469 895 1566 ,constructis
917 1481 954 1553 et
974 1465 1255 1571 construendis,
1285 1481 1324 1554 et
1342 1493 1473 1553 comm
1492 1466 1760 1570 emolimentis,
1783 1495 1856 1552 neo
1875 1496 1953 1554 uon
1975 1495 2059 1557 cum

421 1581 600 1689 ,omnibus
614 1583 781 1701 juribus,
812 1584 1069 1702 pertinencijs‚
1098 1584 1318 1700 attinencijs,
1338 1583 1586 1699 coherencijs
1605 1581 1926 1699 possessionibus,
1948 1599 2061 1701 prout

294 1722 302 1734 ’
420 1698 520 1813 jure,
541 1701 736 1821 priuilegio
757 1703 874 1819 ipsius
893 1701 1106 1788 eduocecie
1125 1700 1415 1788 fundamentalia
1435 1700 1559 1786 lucius·
1574 1715 1721 1786 cenunt.
1760 1697 1811 1788 Et
1830 1701 2059 1820 generaliter

427 1845 511 1901 cum
534 1819 704 1906 omnibus
726 1834 764 1906 el
783 1820 941 1937 singulis
961 1820 1223 1935 proventibus,
1243 1819 1466 1919 redditibus,
1488 1832 1525 1905 et
1543 1819 1729 1906 universis
1751 1817 2057 1922 obtensionibus,

428 1933 712 2052 quomodolibet
733 1936 782 2024 ed
803 1939 984 2053 prefatam
1009 1937 1255 2025 advocaciam
1278 1935 1564 2053 pertinentibus,
1597 1950 1634 2021 et
1653 1935 1931 2053 spectantibus,
1963 1966 2058 2054 quo·

427 2079 577 2170 cunque
597 2055 765 2156 nomine,
797 2055 1042 2171 cognomine,
1074 2057 1155 2140 siue
1176 2054 1363 2141 vocabulo
1385 2068 1662 2170 nuncupentur,
1693 2053 1743 2138 ito
1765 2053 1856 2158 lete,
1885 2053 2000 2172 longe
2020 2065 2059 2138 et

427 2169 825 2274 circumferencieliter,
850 2185 961 2286 prout
981 2171 1080 2258 dicte
1101 2169 1311 2260 advocacie
1331 2173 1368 2257 in
1389 2171 1466 2259 suis
1486 2171 1614 2276 metis,
1639 2169 1829 2274 limitibus,
1860 2197 1908 2256 ec
1929 2172 2056 2286 greni-

268 2283 276 2294 ’
427 2287 497 2404 cijs
528 2303 585 2374 est
615 2287 781 2376 districtc
811 2300 849 2386 el
868 2288 981 2376 limite
1001 2288 1105 2399 (sic),
1137 2289 1172 2374 in
1195 2301 1232 2372 et
1278 2315 1321 2375 ro
1342 2302 1489 2375 centum
1510 2288 1650 2374 merois
1672 2285 1878 2374 mediorum
1899 2286 2057 2374 totorum

425 2433 662 2523 grossorum,
685 2418 832 2493 monete
853 2420 891 2491 et
911 2408 1054 2520 numeri
1075 2319 1337 2524 polonioeiium
1359 2405 1539 2504 consueti,
1561 2402 1812 2524 quadraginta
1834 2417 1921 2490 octo
1942 2432 2057 2521 gros·

425 2550 493 2608 sos
529 2553 694 2609 mercem
730 2527 767 2610 in
799 2521 1000 2638 quamlibet
1018 2515 1309 2638 computando,
1348 2519 1472 2608 Nobili
1512 2513 1687 2607 Michaeli
1727 2518 1946 2639 Drogcsoh·
1972 2519 2058 2608 olim

424 2637 706 2756 Brzcstowsltij·
721 2641 802 2755 (sio)
824 2638 874 2724 de·
888 2640 1020 2726 minori
1043 2631 1220 2754 somno,
1239 2637 1416 2744 vendidit,
1437 2654 1619 2729 deornm
1635 2637 1828 2728 nobisrite
1844 2639 2059 2730 cranone·

424 2753 557 2857 bililer,
580 2756 679 2842 iuxte
694 2773 793 2844 terre
809 2755 1116 2844 consuetudinem
1132 2754 1401 2874 imperpetuum
1416 2755 1633 2872 resignabit,
1654 2785 1722 2870 per
1741 2754 1860 2871 ipsum
1881 2747 2055 2841 Nobilem

425 2869 650 2958 Michaelem
666 2872 877 2978 tenendam,
898 2872 1121 2980 habendam,
1139 2872 1395 2981 ntiiruendern,
1412 2871 1572 2990 peoilroe
1587 2887 1625 2960 et
1640 2873 1760 2990 quiete
1773 2869 2056 2989 possidendam,
2072 2911 2078 2918 ·

425 2988 709 3098 oomntnndetn,
734 2989 987 3096 alienandum,
1007 2990 1267 3108 obligandum,
1287 2990 1542 3095 vendendam,
1563 3005 1599 3080 et
1617 2990 1656 3085 in
1676 2991 1768 3076 us'us
1788 2987 2058 3105 beneplacitos,

427 3136 504 3224 quo
525 3105 595 3194 sibi
614 3110 747 3196 melius
768 3123 806 3196 et
825 3108 948 3196 utilius
969 3109 1151 3207 videbitur
1172 3108 1361 3226 expedire,
1383 3106 1689 3214 convertendam.
1738 3105 1867 3219 Quem
1886 3105 2056 3223 resigne

426 3225 575 3313 cionem
595 3229 713 3314 nostri
728 3257 776 3314 ex
791 3227 916 3316 cilicio
938 3227 1217 3344 CepitaneetuS‚
1237 3243 1357 3314 retem
1378 3241 1416 3314 et
1428 3223 1578 3347 gratem
1595 3223 2055 3341 suscepimus‘ipsnmque

415 3341 692 3433 ,ratificavimus
722 3360 759 3434 et
778 3343 1026 3450 ratificamus,
1057 3371 1141 3432 enm
1167 3344 1285 3460 robur
1314 3355 1496 3461 perpetue
1524 3343 1706 3435 firmitatis
1735 3341 1902 3445 obtinere
1923 3339 2055 3428 decer-

264 3505 267 3514 *
419 3473 559 3548 nentes
588 3491 657 3579 per
686 3474 894 3579 presentes.
947 3461 990 3550 ln
1020 3463 1127 3550 euius
1156 3463 1211 3550 rei
1240 3463 1490 3552 testimonium
1521 3474 1592 3549 etc
1645 3461 1784 3549 Actum
1816 3474 1855 3546 et
1874 3457 1999 3559 datum
2019 3456 2057 3544 in

425 3579 624 3691 Kcspnpo,
654 3580 746 3668 lerie
767 3582 893 3696 quinte
913 3592 1003 3666 ente
1021 3578 1245 3668 dominicam
1267 3578 1399 3686 Oculi,
1420 3577 1679 3680 ennodotnini
1700 3583 1808 3664 1480.
1865 3574 2055 3664 Presenli-

418 3695 498 3782 -bus
518 3699 718 3813 generosis
738 3696 899 3787 dominis
920 3713 1011 3786 eto:
1056 3695 1268 3786 Przcdslno
1290 3698 1530 3814 Potuliczskij
1555 3695 1774 3786 Castellnno
1793 3693 2055 3810 Rogoznensi,

418 3811 600 3902 debenus
621 3812 868 3932 lllyelzynskij
890 3815 1125 3921 Goeznensi,
1146 3813 1338 3904 Stenisleo
1359 3814 1624 3932 Sobyeywski'
1646 3811 1867 3928 Kozynensi
1883 3805 2056 3928 Burgre

420 3927 1026 4146 ll⁸3150h⁰fl⁰9bffi⁰d²⁶⁰⁵klv
1057 3931 1213 4024 Andron
1243 3932 1477 4050 Zylyozskij,
1507 3844 1692 4021 tttateliu
1724 3927 1973 4043 Cozlcwsldj,
2004 3923 2056 4011 ed

415 4078 612 4166 premisse
632 4063 715 4142 testr
743 4074 799 4138 us.
