4778 5952
1105 682 1379 794 -Lura-

416 921 643 1041 judieialiter
671 919 878 1056 resignauil
919 918 1150 1036 (prominens
1179 921 1300 1038 ipsum
1332 919 1594 1008 Jesebuunem'
1617 925 1822 1012 uueasiune
1848 930 2055 1044 premissu-
2199 911 2204 922 ’Ν

422 1072 525 1142 rum,
556 1040 735 1126 ab‘omnr
765 1035 1027 1155 impedimento
1058 1051 1173 1156 atque
1203 1037 1388 1154 dampno,
1412 1039 1522 1154 juxta
1545 1039 1610 1155 jus
1642 1041 1820 1128 terrestre
1852 1045 1944 1131 inlra
1975 1047 2054 1134 tres

421 1189 545 1246 annus
565 1170 603 1244 et
622 1171 697 1242 tres
717 1183 889 1248 measses
911 1153 993 1266 (sie)
1014 1157 1206 1270 proximos
1227 1153 1378 1242 ubilibet
1396 1155 1581 1266 relauere)
1602 1187 1671 1274 per
1691 1158 1851 1246 eundem
1870 1161 2053 1252 Jesabeu-
2103 1250 2107 1258 ,

422 1307 507 1390 nem
536 1272 721 1392 premissa
751 1273 876 1359 omnia
899 1273 988 1389 jure
1017 1269 1245 1368 hereditarie
1280 1285 1319 1360 et
1347 1273 1613 1390 perpetualiter
1646 1275 1828 1383 tenenda,
1864 1275 2052 1389 habenda}
2122 1299 2130 1306 '
2183 1329 2186 1336 Δ

264 1433 267 1438 ·
423 1391 664 1496 ιιιίΐτυθηάα,
682 1388 914 1510 possidenda
944 1404 982 1477 et
1012 1392 1048 1476 in
1078 1419 1171 1477 usus
1202 1390 1319 1507 ipsius
1349 1388 1617 1508 beneplacitae
1638 1392 1764 1480 libere
1784 1398 2052 1486 conuertenda

351 1537 354 1542 ·
421 1511 463 1598 ln
495 1510 600 1596 euius
629 1510 684 1596 rei
716 1507 984 1608 testimenium,
1018 1508 1159 1626 sigilla·
1178 1505 1416 1624 presentibus
1446 1525 1575 1596 nostru
1603 1524 1699 1616 sunt
1732 1541 1925 1630 eppenssa
1956 1515 2051 1626 (sie).
2134 1619 2135 1624 Ν

421 1629 559 1716 Actum
580 1641 618 1712 et
638 1625 764 1713 datum
798 1628 977 1711 Craeuuie
1007 1626 1042 1710 in
1065 1624 1261 1741 Colloquio
1286 1625 1473 1740 generali,
1504 1627 1600 1714 lerie'
1625 1644 1734 1716 sexta
1763 1632 1933 1746 proxima
1963 1633 2052 1749 pust

420 1747 554 1834 lestum
575 1746 694 1844 sanati
714 1742 892 1830 Stanislai
911 1758 1080 1860 tempore
1101 1743 1242 1830 mensis
1262 1741 1371 1858 maij,
1402 1771 1502 1831 annu
1524 1741 1661 1832 domini
1682 1746 1885 1835 millesime
1899 1749 2051 1837 CCCC⁰

419 1862 550 1950 tercio.
602 1859 846 1949 Pr'esentibus
876 1861 1037 1947 strenuis
1067 1859 1246 1947 dominis:
1274 1859 1450 1948 iohanne
1480 1859 1529 1947 de
1561 1869 1762 1976 Tlanezrjn
1793 1867 2049 1974 Craeuuiensi‚
2192 1865 2196 1878 ’

422 1979 586 2067 Cristino
607 1976 862 2083 Sendeeensi,
893 1975 1055 2064 lmramu
1080 1975 1400 2082 Zauielrostiensi,
1432 1978 1594 2066 Cristino
1616 1981 1932 2088 Sandomiriensi,
1966 1984 2050 2072 Cle·
2081 2071 2091 2078 ,

420 2113 544 2184 mente
563 2094 833 2199 Redemiensi,
863 2106 902 2182 et
921 2095 1113 2184 Clemente
1133 2093 1405 2183 Czeuhuuiensi
1428 2095 1671 2202 Castellenis,
1703 2099 1947 2220 pluribusque
1966 2103 2048 2219 alijs

420 2213 675 2303 testibuslids
696 2212 833 2331 dignis
895 2216 901 2238 ’
1612 2257 1615 2265 ‚
1652 2275 1656 2284 .

1161 2529 1314 2646 mlv.

572 2797 882 2932 Horetum,
910 2815 1065 2922 ammo
1091 2795 1250 2882 14⁰4
1276 2799 1328 2882 rt.
1354 2797 1431 2884 29
1455 2817 1623 2883 meur.
1649 2799 1889 2904 munemel.
1994 2904 1998 2912 ⁶
2028 2895 2031 2902 ,

419 2998 711 3092 vladislaus
719 2997 793 3094 ⁶nux
806 2959 953 3071 latusim
967 2997 1153 3072 tumulum
1168 2998 1309 3076 ulntrtts
1321 2999 1575 3087 anteponeret
1585 3001 1686 3077 sulen
1694 2971 2047 3077 murmurmurmur

503 3100 648 3176 uerunt
663 3116 701 3173 m
715 3102 823 3172 muer
836 3099 1023 3189 sermm,
1036 3102 1075 3174 n
1086 3102 1173 3176 luere
1187 3100 1258 3176 bum
1272 3104 1420 3193 perrupta
1434 3101 1581 3196 upplun
1593 3103 1626 3176 ir
1638 3103 1749 3177 nebus
1763 3105 1901 3178 mutetur
1914 3105 1963 3190 t¹l.

524 3321 759 3411 Wledislaus
780 3322 841 3428 dei
859 3321 993 3443 gracie
1013 3321 1101 3410 Rex
1120 3324 1301 3428 Polonie,
1321 3323 1603 3444 Lytbuanieque
1622 3325 1810 3444 Prineeps
1823 3353 2046 3442 suppremus
2097 3391 2102 3401 .

365 3431 376 3446 ’
421 3456 459 3530 et
486 3443 598 3529 heres
622 3440 769 3528 Russie
797 3455 867 3528 ete.
917 3441 1186 3559 Signilieamus
1206 3439 1339 3529 barum
1360 3444 1476 3548 serie,
1507 3443 1642 3561 quibus
1672 3443 1822 3559 expedit
1850 3444 2045 3533 uniuersis.

419 3557 632 3674 Quomodo¹
648 3559 839 3677 cupientes
870 3559 1028 3645 ciuitatis
1056 3574 1185 3650 nostre
1216 3566 1535 3670 Rudzeejouieneir
1567 3557 1828 3648 condicionem
1858 3557 2047 3648 meliorem

417 3680 564 3782 faeere·
578 3691 616 3762 et
635 3706 728 3762 usus
748 3705 796 3760 ae
815 3675 988 3762 utilitates
1009 3676 1126 3793 ipsius
1145 3674 1360 3796 adaugere,
1393 3677 1621 3788 Consulibus
1641 3678 1733 3782 eius,
1764 3693 1802 3763 et
1821 3675 1909 3764 nulli
1928 3677 2046 3783 elteri,

418 3795 468 3884 de
488 3797 614 3882 innata
635 3791 842 3879 eelsitudini
862 3807 990 3878 nostre
1011 3794 1234 3899 clemencia,
1266 3794 1364 3882 hane
1382 3795 1596 3884 facultatem
1617 3795 1877 3883 eonuessimus
1897 3795 2046 3884 et'eun-
2176 3795 2178 3800 ’

418 3911 587 4002 sedimus
622 3906 755 3997 tenore
789 3909 1046 4026 presencium,
1082 3909 1185 4029 quud
1221 3913 1258 3998 in
1287 3913 1435 3998 ciuitate
1470 3913 1605 4001 nostra
1635 3919 1952 4025 Radzeyuuieesi,
1989 3913 2046 4002 sul

418 4032 594 4118 minutum
617 4025 667 4114 ad
689 4040 817 4114 nostre
838 4025 1036 4119 voluntatis
1056 4029 1329 4145 beneplacitum
1350 4026 1517 4120 vendere
1536 4045 1713 4146 possunt,
1746 4030 1987 4147 quantitatem
2008 4030 2046 4118 in

419 4145 653 4264 exquirendo
683 4145 789 4234 luero
820 4144 868 4233 de
899 4143 979 4232 sale
999 4145 1210 4234 huiusmodi
1231 4144 1446 4234 nullumodo
1467 4147 1713 4235 excedentes..
1756 4145 1875 4259 Qued
1896 4145 2046 4266 quidem

418 4264 562 4351 luorum
582 4262 812 4353 vendieionis
832 4263 922 4352 salis
943 4265 1068 4352 minuti
1083 4261 1305 4371 huiusmodi,
1326 4265 1398 4382 ipsi
1418 4263 1611 4365 Consules
1626 4268 1962 4390 Rudrerjuuienses,
1984 4264 2045 4381 qui

102 4379 106 4388 ’
177 4465 183 4472 .
263 4463 276 4492 ,
417 4411 490 4503 pru
512 4397 679 4498 tempure
699 4383 842 4488 luerint,
862 4381 1219 4499 prumelioraeiune
1239 4382 1395 4470 ciuitatis
1414 4381 1859 4494 natzajoe·ense‚'dars
1873 4393 1911 4468 et
1924 4382 2046 4585 irplrpp-¹

1999 4525 2045 4613 ps

418 4531 510 4592 nere
535 4499 769 4590 tenebuntur.
810 4500 1003 4618 Quocirca
1026 4501 1134 4590 vobis
1157 4501 1373 4618 Capitaneis
1394 4501 1712 4616 Cuyuuiensibus,
1744 4529 1794 4588 ae·
1817 4497 1947 4618 Burgr

522 4751 561 4835 (¹)
590 4749 638 4816 Ex
652 4747 742 4816 arabe
820 4747 1064 4816 membranaceo
1078 4751 1109 4815 in
1123 4750 1317 4818 Vursuriensi
1330 4749 1481 4818 tabulario
1496 4749 1617 4838 publiea
1636 4749 1734 4835 'Regni
1756 4747 1900 4816 Pelusiae
1913 4749 1967 4818 N¹⁰
1981 4744 2044 4814 um

419 4843 585 4903 usseruuto.
611 4833 748 4920 Sigillum
783 4841 856 4902 sest.
884 4831 1002 4900 Tuberte
1015 4831 1091 4902 lrmu
1105 4835 1251 4922 praesim.
1918 4849 1922 4882 2
1960 4871 1962 4877 ι
