4780 5922
1115 809 1385 881 -221-

432 1014 682 1102 instrumentis
703 1013 780 1098 suis
802 1011 852 1097 ad
900 1013 1099 1114 iscaturas,
1128 1010 1232 1096 etad
1255 1012 1375 1126 ipsum
1397 1009 1557 1096 officium
1579 1014 1807 1127 necessarijs
1829 1028 1866 1097 et
1886 1041 2058 1099 conswa

432 1133 497 1235 tis,
533 1131 632 1217 licite
662 1128 822 1215 babebit.
873 1041 965 1214 llem
987 1127 1036 1212 de
1057 1127 1220 1238 qualibet
1240 1156 1331 1214 area
1351 1157 1462 1212 unum
1484 1157 1662 1244 grossum
1683 1157 1924 1246 pragensem.
1966 1130 2057 1218 Item

423 1248 528 1335 ,idem
549 1248 761 1334 advocatus
782 1245 936 1334 tercium
956 1245 1149 1332 denarium
1172 1246 1219 1331 de
1240 1246 1404 1358 qualibet
1423 1277 1465 1332 re
1485 1246 1663 1350 iudicata,
1692 1262 1728 1333 et
1750 1249 1868 1332 eciam
1889 1247 2057 1336 de-iura-
2121 1277 2138 1308 s

431 1367 561 1453 mentis
578 1366 872 1482 quibuscunque,
894 1389 968 1476 que
982 1363 1287 1476 qualitercunque
1308 1363 1454 1468 cadent,
1475 1366 1511 1451 in
1528 1365 1691 1452 terminis
1713 1361 1878 1464 eiusdem
1901 1366 2058 1453 civitatis

430 1499 467 1571 et
495 1484 663 1570 villarum
698 1481 969 1600 predictarum,
1006 1482 1212 1571 secundum
1248 1482 1351 1594 quod
1387 1482 1460 1567 late
1497 1483 1685 1602 longeque
1723 1481 1871 1569 limitato
1904 1497 1991 1570 sunt
2021 1501 2058 1570 et

431 1602 620 1708 distincte,
651 1632 699 1688 ac
719 1629 817 1687 nunc
838 1599 887 1687 de
907 1631 1023 1690 nowo
1044 1601 1293 1687 limitabuntur
1313 1613 1351 1686 et
1371 1599 1671 1718 distinguentur,
1703 1604 1758 1686 sic
1779 1599 1879 1710 quod
1902 1600 2056 1688 easdem

428 1720 566 1807 babeat
583 1718 760 1816 iudicare.
812 1719 972 1837 Insuper
996 1718 1129 1806 damus
1161 1733 1198 1804 et
1217 1718 1462 1804 concedimus
1493 1719 1635 1836 pretate
1666 1720 1801 1805 civitati
1834 1718 1933 1803 dicte
1968 1723 2056 1804 Coto

430 1837 629 1925 duodecim
662 1865 803 1944 annos,
834 1851 871 1924 et
891 1837 1068 1952 predictis
1088 1836 1184 1923 villis
1205 1839 1260 1924 sic
1281 1835 1415 1923 eodem
1436 1837 1584 1922 nomine
1605 1839 1826 1955 nuncupatis
1847 1867 1915 1925 sex
1937 1864 2058 1922 annos

429 1955 619 2061 libertatis,
639 1958 688 2042 ita
710 1954 813 2074 quod
834 1954 882 2040 ad
904 1955 1119 2042 soluciones
1141 1955 1433 2074 qualescunque,
1457 1969 1500 2039 at·
1514 1953 1816 2042 cuntribucicnes
1837 1969 1873 2041 et
1894 1957 2057 2043 exactio-

430 2103 499 2161 nes
531 2101 794 2192 quascunque,
826 2075 944 2160 eciam
976 2073 1025 2159 ad
1057 2105 1141 2186 cop,
1179 2088 1216 2160 et
1242 2070 1292 2157 ad
1321 2072 1392 2158 alia
1426 2101 1652 2192 quocunque
1683 2075 1831 2159 nomine
1861 2085 2056 2178 vocentur,

430 2192 575 2277 minimo
596 2206 802 2278 teneantur.
853 2189 937 2276 Nec
957 2191 1006 2277 ad
1028 2219 1074 2275 ea
1095 2191 1401 2308 qualitercunque
1432 2191 1604 2306 compelli
1636 2188 1684 2276 de
1699 2193 1785 2306 jure
1806 2192 1865 2277 vel
1888 2189 1935 2274 de
1956 2191 2058 2278 lacto

429 2309 537 2397 nobis
552 2308 745 2395 iaciendas
756 2308 849 2421 (sic).
879 2305 968 2420 Qua
984 2307 1133 2420 quidem
1149 2307 1316 2394 libertate
1333 2308 1530 2418 utrobique
1546 2309 1724 2423 expirata,
1740 2309 1871 2424 prelati
1887 2311 1991 2394 cives
2008 2307 2056 2393 de

429 2425 593 2538 quaelibet
612 2455 702 2513 area
724 2455 834 2512 unum
856 2453 1033 2543 grossum
1055 2453 1301 2543 pragensem,
1335 2420 1555 2511 kmethones
1577 2454 1669 2512 vero
1690 2425 1940 2542 predictarum
1963 2424 2056 2511 dua-

382 2541 391 2559 ’
428 2574 509 2630 rum
539 2545 726 2648 villarum,
758 2542 908 2654 quilibet
938 2573 1145 2658 perunum
1178 2543 1358 2630 fertonem
1391 2545 1425 2628 in
1452 2540 1618 2653 quolibet
1648 2543 1745 2629 beati
1777 2544 1927 2630 lllartini
1958 2544 2056 2650 sesto

430 2691 528 2748 nunc
557 2663 726 2778 proxime
757 2662 926 2765 instanti,
958 2689 980 2744 a
1013 2660 1102 2746 data
1134 2662 1367 2777 presencium
1400 2658 1608 2745 immediate
1640 2661 1915 2776 computando,
1946 2661 2056 2747 nobis

429 2781 583 2867 racione
612 2777 762 2894 dominij
796 2776 888 2863 dare
918 2791 955 2863 ct
975 2776 1125 2865 solvere
1156 2777 1387 2864 tenebuntur.
1440 2775 1529 2890 Qua
1550 2776 1700 2887 quide‘m
1723 2778 1852 2866 civitas
1874 2807 1949 2864 una
1971 2806 2056 2864 com

428 2895 606 3016 predictis
636 2897 732 2983 villis
763 2896 897 2982 situata
928 2909 1014 2982 sunt
1043 2897 1079 2981 io
1105 2895 1273 2983 districtu
1306 2895 1533 3010 Conyoensi.
1583 2895 1765 2983 Preterea
1798 2894 1987 2983 advocato
2019 2898 2055 2982 io

311 3045 323 3070 ·
428 3015 515 3100 villa
545 3013 741 3101 infradicta
773 3012 909 3098 damus
939 3027 977 3097 et
997 3012 1241 3102 concedimus
1272 3043 1384 3100 unum
1406 3026 1551 3128 pratum
1572 3011 1726 3100 liberum
1756 3015 1792 3099 io
1824 3019 1986 3114 Gostow,
2019 3027 2057 3100 et

429 3130 546 3218 libera
577 3159 721 3248 pascua
753 3130 889 3216 civitati
919 3158 990 3245 pro
1020 3131 1246 3246 peccoribus
1276 3130 1478 3246 pellendiS,
1510 3145 1546 3216 et
1567 3133 1685 3216 eciam
1717 3131 1832 3216 libera
1853 3159 1997 3248 pascua
2019 3132 2055 3218 in
2104 3177 2107 3184 ·

428 3256 596 3350 Ituccoto,
618 3250 705 3335 etin
724 3253 905 3360 Cosczyol
918 3246 1120 3353 obtinendi,
1138 3247 1343 3335 dummodo
1361 3249 1513 3365 prelatis
1529 3247 1623 3334 villis
1640 3249 1777 3334 nullum
1797 3250 1832 3334 in
1850 3279 1979 3336 eorum
1997 3281 2054 3335 se-

458 3368 579 3454 etibus
607 3380 645 3454 et
663 3366 781 3483 pratis
802 3365 851 3451 ab
873 3364 1013 3452 eisdem
1035 3365 1189 3482 pascuis
1210 3367 1394 3483 separatis
1418 3362 1619 3473 [damnum]
1640 3364 1847 3476 aliqualiter
1867 3369 2054 3453 inseratur.

427 3395 540 3570 lum
571 3483 703 3574 borum
735 3485 897 3570 omnium
930 3482 1030 3569 dicto
1061 3479 1228 3568 Henrico
1259 3481 1449 3570 advocato
1481 3493 1519 3564 et
1548 3510 1616 3567 sue
1646 3486 1853 3597 posteritati
1885 3513 1953 3598 per
1983 3511 2054 3567 nos
2074 3505 2119 3622 s
2145 3565 2165 3594 ,

427 3602 606 3718 graciose
627 3628 896 3687 concessorum
917 3599 1007 3686 iuris
1028 3599 1177 3687 dominii
1197 3599 1521 3715 recognicionem,
1553 3599 1589 3683 in
1609 3597 1733 3714 plattis
1751 3596 1805 3711 (2)
1827 3599 1875 3684 ad
1899 3599 2073 3710 quamli-3'
2184 3677 2188 3694 ,

427 3716 490 3804 bet
509 3715 793 3835 expedicionem
809 3743 879 3834 per
894 3746 965 3804 nos
982 3715 1191 3804 faciendam
1207 3717 1392 3827 requisitis
1409 3714 1491 3826 (sic)
1507 3715 1714 3802 secundum
1732 3717 2053 3804 conswetudinem
2083 3769 2089 3780 ·

427 3835 555 3954 Regni
592 3837 708 3923 nostri
744 3834 905 3924 Polonic
940 3834 976 3920 in
1006 3829 1078 3951 bijs
1113 3832 1296 3922 hactenus
1332 3834 1595 3938 observatam,
1636 3835 1745 3923 nobis
1783 3836 1980 3952 expeditus
2017 3852 2054 3922 et

426 3952 607 4040 decenter
636 3955 779 4040 seruire
812 3967 982 4039 teneatur
1012 3968 1047 4040 et
1077 3954 1125 4042 sit
1144 3955 1330 4041 astrictus.
1383 3951 1470 4066 Que
1501 3952 1649 4064 quidem
1681 3955 1804 4038 omnia
1836 3969 1873 4038 et
1892 3952 2052 4072 singula,

427 4069 600 4158 uidelicet
628 4071 861 4158 locacionem
889 4072 1046 4158 civitatis
1073 4087 1110 4158 et
1129 4073 1355 4189 prelatarum
1380 4070 1548 4157 villarum
1569 4071 1813 4156 locandorum
1836 4073 2052 4187 empcioniS,

426 4185 678 4291 vendomois,
709 4202 747 4272 et
766 4189 1040 4305 resignacionis
1070 4188 1279 4300 advocacie
1313 4202 1350 4276 et
1372 4189 1634 4274 sculteciarum
1664 4186 1837 4293 aliarum,
1871 4202 1907 4275 et
1928 4192 2052 4276 omnia

425 4304 518 4408 alia,
549 4329 623 4416 que
644 4335 691 4392 ex
711 4305 889 4422 predictis
912 4321 996 4390 sunt
1017 4321 1167 4409 secuta,
1199 4321 1281 4392 rata
1312 4323 1346 4392 et
1377 4320 1485 4423 grata
1517 4304 1719 4400 babentes,
1749 4335 1797 4391 ac
1829 4335 1896 4392 eas
1927 4322 1963 4392 et
1994 4336 2050 4412 ea,

426 4421 609 4538 presentis
631 4423 758 4539 scripti
779 4423 986 4540 patrocinio
1006 4421 1255 4526 ratificamus
1286 4422 1541 4539 approbamus
1562 4437 1600 4507 et
1620 4419 1902 4529 confirmamus,
1932 4427 2051 4510 nostri

427 4542 576 4630 maioris
597 4541 709 4659 sigilli
729 4541 965 4657 presencium
982 4540 1064 4650 (sio)
1080 4543 1323 4657 appensione.
1363 4538 1507 4626 Damus
1527 4537 1795 4646 nichilominus,
1817 4558 1854 4627 et
1872 4543 2051 4656 presenti-

528 4837 567 4922 (2l
595 4839 641 4902 lta
657 4839 886 4925 appellabantur
901 4847 1074 4903 armaturae
1089 4859 1126 4902 ex
1141 4837 1258 4902 laminis
1277 4837 1383 4902 lcrrcis
1398 4839 1566 4911 conlectae.
1589 4839 1759 4923 cujusmodi
1775 4839 1914 4907 habuisse
1929 4839 2048 4909 Sarma·
2146 4855 2150 4866 '
2171 4832 2177 4846 ¹

425 4932 471 4988 tas
486 4921 588 4988 scribit
602 4923 734 4988 Tacitus.
762 4923 815 4986 Du
831 4921 930 5008 Coape
945 4921 1131 4988 Glossarium
1148 4922 1266 4990 mediae
1281 4922 1435 4990 latinitatis
1450 4945 1472 4988 s.
1488 4945 1514 4988 u.
1529 4923 1629 4989 Plato.
2118 4949 2130 4974 ο
