4870 5948
962 1638 1582 1816 uetustate„
1715 1711 1716 1714 ‡

424 2208 570 2351 Procul
593 2275 700 2350 dubio
727 2287 781 2350 est
806 2273 995 2373 diplomata
1019 2275 1068 2348 sic
1092 2273 1184 2348 dicta
1207 2275 1430 2374 suppeditare
1446 2277 1627 2368 historiae,
1652 2275 1759 2349 rebus
1782 2275 1909 2350 scilicet
1931 2276 2049 2374 gestis,

423 2377 618 2452 uberrimos
644 2399 773 2471 eosque
797 2375 1089 2448 luculentissimos
1112 2375 1245 2448 sontes:
1275 2375 1332 2448 ills
1347 2375 1532 2472 proferunt
1548 2386 1585 2449 et
1600 2375 1816 2472 patefaciunt
1831 2383 1972 2448 mutuas
1988 2400 2049 2473 po

423 2478 586 2574 pulorum
611 2472 900 2563 necessitudines,
925 2473 1166 2568 illustrantque
1189 2497 1310 2548 eorum
1331 2475 1427 2572 leges
1444 2485 1481 2548 et
1495 2498 1630 2564 mores3
1660 2475 1725 2548 illis
1741 2483 1962 2572 posteromm
1978 2497 2048 2549 me·

422 2576 553 2652 moriae
578 2573 767 2648 traduntur
788 2574 930 2647 nomina
952 2599 975 2646 a
998 2573 1283 2672 historiographis
1300 2574 1525 2664 celebranda3
1555 2575 1613 2647 illa
1629 2573 1777 2672 denique
1794 2575 1949 2649 maximo
1966 2583 2051 2650 sunt
2194 2583 2198 2593 “

423 2675 626 2773 adjrunento
651 2676 687 2748 in
704 2673 947 2770 conquirendis
965 2674 1135 2772 cujusque
1151 2675 1289 2772 generis
1305 2676 1578 2772 antiquitatibus
1630 2673 1710 2766 Quo
1727 2675 2049 2750 abundantioresbi

423 2779 555 2866 fontes,
582 2776 836 2950 eomfaeiliorem
861 2773 949 2848 dant
972 2774 1073 2848 nobis
1096 2776 1364 2872 praeteritorum
1389 2789 1588 2875 temporum
1613 2779 1864 2876 cognitionem,
1889 2778 2052 2875 sineque

424 2879 520 2952 nulla
536 2887 591 2952 est
631 2877 640 2894 ⁰
661 2877 759 2950 toria

526 2974 626 3074 Opus
641 2977 775 3072 itaque,
800 2973 895 3072 quod
911 2977 948 3048 in
963 2976 1077 3049 lucem
1094 2965 1250 3072 proferet
1265 2975 1464 3073 hujusmodi
1481 2979 1596 3052 sontes
1612 2975 1727 3050 adhuc
1743 2978 1900 3076 ignotos,
1924 2979 2050 3050 meritc

422 3089 565 3176 gratum
590 3087 840 3173 acceptumque
865 3077 930 3150 erit
954 3075 1045 3150 viris
1061 3073 1192 3167 doctis,
1216 3100 1365 3174 quorum
1381 3101 1489 3152 causa
1507 3079 1693 3176 praecipue
1715 3078 1770 3152 hic
1787 3077 1887 3150 labor
1904 3087 1958 3152 cst
1974 3101 2048 3152 sus·

418 3184 556 3275 ceptus.
608 3173 773 3252 Germani
796 3177 889 3250 inter
913 3201 1035 3251 omnes
1059 3177 1208 3274 populos
1231 3177 1331 3252 facile
1355 3179 1528 3278 principes
1556 3180 1592 3252 in
1616 3180 1852 3252 monumentis
1877 3179 2048 3252 historicis

422 3275 688 3376 investigandis,
713 3287 797 3350 sunt
813 3277 985 3376 exernplc,
1001 3287 1173 3374 quantum
1189 3277 1226 3350 in
1243 3303 1285 3353 eo
1294 3277 1498 3378 ‘studiorum
1514 3302 1643 3376 genere
1658 3279 1902 3378 praestitmint.
1955 3275 2048 3367 Quo·

421 3379 538 3452 tannis
562 3380 672 3453 ferme
696 3379 730 3452 iu
752 3377 867 3452 lucem
891 3377 1043 3452 eduntur
1059 3376 1153 3476 apud
1169 3377 1245 3452 illos
1271 3379 1320 3454 sic
1345 3378 1427 3453 dieti
1455 3377 1599 3456 Codices
1616 3378 1826 3478 diplomatici
1843 3402 1914 3452 non
1932 3381 2047 3452 solum

423 3479 638 3577 singrrlaruru
653 3477 920 3578 provinciarum,
937 3475 1000 3553 sed
1018 3479 1123 3552 etiarn
1140 3479 1290 3568 urbium,
1307 3504 1398 3575 quae
1412 3475 1493 3554 inde
1510 3479 1556 3552 ab
1573 3479 1818 3576 antiquissimis
1831 3479 2048 3577 temponbus

422 3580 574 3676 gentdno
598 3579 746 3653 civitatis
766 3579 848 3675 jure
871 3580 1044 3652 fruuntur.
1095 3574 1195 3666 Quae
1219 3603 1276 3653 res
1298 3580 1374 3677 ipsa
1397 3589 1453 3654 sat
1474 3603 1648 3678 superque
1664 3580 1809 3678 probat,
1835 3580 1956 3675 quanti
1975 3603 2048 3652 rno-

387 3706 390 3714 ·
423 3679 532 3754 menti
549 3679 621 3754 sint
636 3677 835 3774 hnjusmodi
850 3703 1005 3777 corpora.

522 3775 631 3876 Apud
651 3801 736 3870 nos,
761 3779 921 3875 quamvis
945 3789 1114 3877 superent
1137 3779 1212 3877 ejus
1228 3779 1365 3878 generis
1382 3803 1469 3878 opes
1483 3804 1548 3878 per
1563 3791 1680 3854 totum
1696 3781 1858 3878 antiquae
1882 3779 2049 3857 Polonias

422 3878 593 3954 ambitum
610 3877 802 3976 dispersae,
819 3881 883 3953 vix
898 3880 1081 3976 quisquam
1097 3881 1252 3954 animum
1268 3879 1421 3954 advertit
1436 3881 1477 3954 iis
1494 3881 1674 3968 omnibus,
1691 3894 1862 3978 quantum
1878 3883 1951 3954 fieri
1968 3905 2047 3980 pos·

423 3991 486 4070 set,
503 3977 866 4076 commendastis
881 4004 993 4054 unum
1009 4004 1145 4078 corpus,
1162 3979 1258 4076 quod
1275 3982 1526 4079 amplissimffl
1543 3979 1698 4056 Polonaa
1714 3983 1829 4080 gentis
1845 3983 2047 4056 historicum

422 4089 689 4156 monumentum
709 4079 875 4157 exhibere
891 4082 1011 4178 possit,
1026 4079 1286 4179 conjungendis.

523 4177 629 4256 Justa
653 4181 771 4276 itaque
795 4180 908 4279 gratie
931 4179 1112 4256 reserenda
1129 4193 1183 4255 est
1198 4183 1256 4273 iis,
1282 4182 1341 4279 qui
1358 4180 1455 4280 apud
1469 4191 1645 4257 nostrates
1660 4181 1912 4257 restadtarunt
1927 4207 2047 4258 rerum

422 4289 602 4378 gmtmum
618 4279 790 4372 studium,
815 4282 899 4358 satis
910 4280 987 4378 jam
1002 4281 1057 4356 his
1073 4281 1288 4380 temporibus
1311 4285 1444 4357 cultum
1469 4293 1505 4357 et
1521 4281 1758 4455 divalffmm’
1781 4286 1910 4380 quique
1926 4284 1993 4357 hoc
2009 4286 2046 4358 in

422 4403 552 4478 genere
576 4379 620 4454 de
644 4405 684 4456 re
703 4370 875 4456 'liberaris
898 4383 1010 4481 patria
1034 4383 1165 4480 optime
1188 4385 1303 4474 meriti
1327 4395 1426 4458 strnt:
1458 4383 1586 4456 scilicet
1644 4383 1766 4482 ogie10,
1791 4385 1850 4479 qui
1875 4395 2047 4481 regnante

422 4481 586 4578 Augusto
603 4479 662 4556 ΠΙ.
679 4491 716 4556 et
738 4477 865 4557 comiti
887 4482 1101 4582 Raczydski,
1126 4483 1185 4579 qui
1200 4500 1319 4558 nostra
1336 4482 1503 4556 memoria
1518 4483 1617 4556 vixit
1669 4481 2047 4581 celeberrimumque

422 4577 568 4678 Dogieli,
587 4577 699 4656 Cedet
714 4580 754 4654 di
777 4582 953 4658 ἰοτηατίοω
970 4581 1084 4682 Requi
1098 4581 1269 4675 Potula,
1286 4583 1418 4657 editum
1434 4581 1560 4659 Vilnae
1576 4609 1607 4657 a.
1628 4585 1723 4657 1758
1742 4583 1988 4658 concinnatum
1999 4581 2047 4658 ad

421 4681 532 4756 instar
543 4682 658 4778 operis
674 4679 734 4756 Du
788 4683 880 4757 ontis
899 4679 1007 4782 Carpe
1022 4683 1189 4760 calcaret
1203 4683 1471 4785 Depbmctc'que,
1489 4696 1595 4781 atque
1611 4681 1754 4784 Rymeri
1770 4686 1857 4758 Aca
1869 4697 1900 4758 et
1910 4683 2046 4770 foedera

424 4791 489 4852 eto.
504 4781 689 4856 latissimos
707 4783 772 4856 sibi
789 4783 911 4858 habuit
922 4785 1120 4882 propositos
1131 4785 1229 4858 fines.
1262 4783 1346 4858 dam
1361 4799 1482 4860 autem
1496 4787 1611 4860 sontes
1628 4785 1687 4880 qui
1705 4782 1751 4856 ad
1766 4809 1912 4858 manum
1927 4795 2045 4860 aucto·

422 4879 469 4952 ris
486 4891 624 4972 aaut„
639 4893 676 4954 et
697 4883 756 4978 qui
781 4884 826 4958 illi
845 4883 996 4980 undique
1013 4885 1198 4981 patebant,
1223 4885 1354 4960 ineam
1371 4887 1569 4984 opinionem
1593 4881 1823 4974 inducebant,
1848 4909 1937 4981 opus
1961 4881 2046 4956 illud
