4800 5942
866 649 1296 794 ···-297·-

343 913 525 1014 Nieolaus
555 922 676 1040 ipsunt
707 919 758 1009 ab
783 919 959 1016 ‚omnibus
984 920 1155 1034 sernioijs
1183 921 1359 1008 evineera
1388 921 1575 1020 tenebitur
1605 933 1642 1008 et
1669 919 1838 1028 debebit,
1871 923 1975 1018 solus

343 1038 477 1156 eadem
508 1039 587 1124 iure
606 1067 689 1132 soe
720 1036 961 1134 demerendo.
1022 1037 1064 1122 ln
1095 1039 1201 1124 euius
1232 1039 1288 1122 rei
1318 1039 1575 1144 testimonium,
1613 1039 1773 1154 sigitturn
1805 1056 1975 1130 nostrum

341 1157 582 1273 presentibus
608 1157 783 1249 iussimus
809 1153 1059 1273 subappendi.
1111 1159 1246 1242 Aeturn
1278 1171 1315 1241 et
1335 1155 1461 1242 daturn
1492 1157 1583 1242 teria
1615 1171 1720 1242 sexta
1753 1158 1975 1250 incrastino

243 1293 247 1306 '
343 1272 822 1390 Corporis—Chris,ti„sub
846 1303 947 1388 anno
978 1271 1189 1368 Natiuitatis
1221 1273 1388 1361 eiusdem
1422 1273 1613 1361 millesimo
1648 1273 1796 1362 CCCC⁰
1828 1275 1974 1365 deeinro
2068 1353 2072 1359 .

341 1409 455 1488 nono.
491 1391 735 1480 Presentibus
753 1394 915 1481 strenuis
932 1406 968 1490 et
983 1389 1373 1496 nobibbuszdobanne
1395 1390 1443 1476 de
1464 1397 1721 1484 Laecereln'no
1744 1391 1974 1500 Castettano,

340 1501 572 1600 Nioolao‘de.
584 1514 773 1600 Gradena
791 1510 1059 1614 Tbezaurario,
1080 1507 1401 1614 Lanoieiensibus3
1422 1509 1618 1626 Stephano
1635 1510 1735 1598 dieto
1752 1508 1908 1596 Puczek
1924 1510 1973 1599 de'

343 1629 512 1728 ostrow,
544 1626 662 1717 Petro
693 1628 743 1716 de
772 1634 961 1716 Wroczr'nr'
987 1643 1034 1746 at,
1053 1626 1226 1724 titanae
1255 1627 1306 1714 de
1336 1633 1575 1740 Byrzwmnu
1595 1628 1796 1718 heredibus
1817 1629 1974 1722 testibus
2036 1652 2039 1658 ’

339 1745 445 1840 eirea
462 1747 741 1864 premissa'eto
816 1821 819 1832 .
1309 1803 1313 1816 ·
1487 1805 1490 1815 ·
2086 1757 2089 1764 ’

962 2154 978 2181 ,,
1035 2027 1349 2179 onxvro
1477 2115 1494 2129 ..
1632 2175 1634 2180 ψ
1691 2053 1693 2062 ’

569 2281 833 2411 czeruen,
861 2267 1017 2367 auno
1044 2271 1187 2366 1421
1214 2281 1266 2370 rt.
1286 2279 1325 2362 ’1
1351 2283 1554 2364 merem
1578 2281 1743 2366 «lutet.

365 2465 726 2558 berhtmrntrorrtnr
739 2485 780 2557 te
794 2487 960 2550 Bonum
977 2482 1178 2564 denudem
1192 2499 1282 2554 snm
1295 2481 1410 2554 tutten
1426 2483 1521 2556 eben
1535 2482 1635 2555 ttotrtt
1648 2483 1740 2555 reno
1754 2482 1794 2554 te
1809 2483 1946 2550 Maureta

364 2587 488 2660 mun
502 2585 675 2676 umente
689 2603 869 2678 ponem
882 2584 1002 2674 rantib
1023 2601 1115 2674 onon
1130 2583 1253 2672 putten
1267 2583 1474 2660 rendbnnon
1490 2585 1750 2658 {clusinos
1766 2584 1942 2657 sentos·

380 2741 382 2746 ,
604 2731 607 2738 ·
787 2703 790 2710 ⁴
845 2686 916 2761 unx
929 2685 1457 2778 luoneeratenesrojnbottu.

436 2908 479 2994 ln
500 2909 651 2996 nomine
673 2907 822 3011 domini,
844 2939 965 2997 amen.
1017 2905 1079 2994 nd
1100 2922 1319 3024 perpetuam
1342 2908 1395 2993 rei
1414 2909 1644 2996 memoriani.
1695 2907 1890 2994 dobannes
1910 2907 1973 2996 dei

335 3026 467 3142 grapia
484 3025 621 3112 Senior
640 3025 724 3110 Dux
740 3026 916 3132 Manouie
933 3040 970 3111 et
984 3024 1138 3139 Russye
1155 3027 1358 3110 'l'errarurn
1374 3024 1546 3112 dominos
1563 3024 1724 3114 etheree
1743 3026 1970 3136 Czirnensis.

335 3141 602 3234 Adnotioiarn
633 3144 894 3229 uniuersorum
925 3157 999 3226 tarn
1031 3145 1267 3257 presencium
1301 3169 1412 3259 quarn
1443 3144 1648 3230 futurorum
1671 3140 1902 3228 ¹deducimus
1935 3154 1972 3232 et

335 3258 472 3350 deduci
504 3259 676 3346 volumus
698 3255 766 3376 per
786 3273 1003 3375 presentes:
1049 3257 1256 3371 Quomodo
1278 3289 1408 3374 eorarn
1430 3263 1540 3347 nobis
1561 3259 1810 3377 personaliter
1832 3261 1972 3346 consti-

335 3391 435 3465 tutus
457 3376 623 3464 Kazirnir
644 3377 855 3464 aduocatos
877 3375 925 3462 de
948 3384 1185 3478 Bantdeowo,
1208 3408 1324 3462 sanus
1349 3391 1510 3492 utroque
1531 3379 1659 3494 spiritu
1682 3379 1863 3482 existens,
1894 3408 1971 3465 non
2105 3423 2107 3432 v

269 3497 277 3510 ’
336 3494 574 3610 compulsus,
606 3527 682 3581 non
704 3510 881 3598 eoactuS,
912 3525 1037 3611 neque
1057 3495 1182 3611 atiquo
1204 3493 1293 3580 dolo
1314 3495 1374 3579 uel
1396 3493 1528 3578 fraude
1549 3495 1742 3596 seductus,
1763 3493 1831 3578 sed
1854 3496 1971 3611 ipsius

334 3640 438 3696 mera
461 3626 496 3697 et
517 3628 727 3727 spontanea
749 3611 949 3715 voluntate,
971 3642 1198 3730 suorumque
1212 3615 1416 3712 arnieorurn
1434 3611 1575 3697 salubri
1591 3612 1746 3696 consitio
1763 3609 1970 3728 prehabito,

333 3727 581 3815 aduooaeianr
613 3759 720 3815 suain
746 3731 887 3838 ibidem
920 3731 955 3815 io
986 3736 1214 3816 Boettcowo
1245 3728 1331 3817 uitta
1363 3741 1492 3815 nostra
1516 3729 1658 3834 ducati,
1691 3760 1774 3815 oum
1797 3729 1969 3816 omnibus

326 3846 583 3963 juribussuis
614 3847 757 3963 inatijs
772 3848 919 3934 nosbis·
935 3848 1056 3960 literis¹
1070 3848 1214 3964 plenius
1232 3847 1436 3964 descriptis
1456 3862 1494 3932 et
1513 3849 1672 3951 notatis,
1703 3847 1812 3933 nicbit
1825 3865 1969 3963 ¹prose
2028 3961 2033 3972 Ι

133 4031 135 4038 ·
194 4011 197 4015 ·
332 3978 370 4052 et
390 3966 469 4052 suis
490 3967 812 4082 posterisibidenr
825 3995 1047 4070 reseruata,
1075 3967 1191 4054 Petro
1213 3966 1306 4054 atias
1327 3973 1444 4078 ijwo
1465 3966 1596 4054 beredi
1617 3965 1665 4050 de
1685 3970 1873 4065 Modzete,
1896 3994 1968 4082 pro

332 4097 481 4191 centurn
507 4087 716 4204 ‚senagenis
746 4114 970 4200 grossorum
1003 4101 1160 4196 ninnete,
1184 4087 1373 4190 comunis,
1406 4089 1442 4172 in
1469 4101 1567 4171 terra
1593 4097 1730 4168 nostra
1761 4083 1968 4169 comuniter

244 4283 251 4294 ,
332 4192 564 4286 decurrentis
585 4201 748 4287 vendidit
772 4219 952 4316 perpetue
973 4216 1011 4287 et
1030 4201 1188 4310 ineunt,
1221 4201 1311 4290 euni
1327 4203 1498 4290 oninibus
1521 4199 1747 4300 utilitatibus
1775 4196 1967 4304 fructibus
2097 4219 2100 4226 '

331 4315 595 4436 prouentibus,
628 4316 852 4422 redditibus,
885 4319 1079 4422 censibus,
1100 4322 1242 4422 usibus,
1264 4333 1300 4405 et
1321 4318 1616 4404 obuenoionibns
1638 4318 1866 4434 generaliter
1887 4319 1967 4403 uni-

330 4436 452 4522 uersis
480 4432 546 4528 ad¹
564 4463 725 4553 presens
755 4431 909 4520 indicta
941 4435 1153 4523 adnoeaeia
1187 4435 1450 4540 existentibus,
1482 4451 1519 4522 et
1539 4435 1789 4552 inposterum
1817 4435 1966 4522 Cbristo
2083 4437 2085 4442 ’

433 4619 472 4749 (1)
487 4615 491 4627 ,
504 4668 548 4732 Ex
563 4666 725 4753 archetypo
741 4667 973 4733 membranaceo
989 4668 1020 4733 in
1034 4669 1225 4736 Varsariensi
1243 4667 1392 4734 tabulario
1408 4656 1539 4753 publioo'
1553 4669 1649 4754 Regni
1671 4667 1817 4733 Potoniae
1832 4667 1887 4732 N'0
1902 4665 1966 4731 dl't

331 4759 492 4818 amum.
528 4751 663 4835 Sipitturu
681 4752 778 4838 urejns
794 4754 886 4826 ituris
901 4753 1058 4822 Maserius
1073 4753 1225 4824 tubunnis
1238 4753 1376 4830 Seniorie
1390 4753 1527 4822 funiculo
1541 4755 1672 4820 sericae
1686 4753 1742 4820 titis
1758 4751 1870 4820 catoris
1881 4751 1965 4817 rubri

329 4841 362 4902 et
376 4835 478 4902 viridis
493 4843 635 4902 eonuxto
650 4858 829 4923 appensum.
1313 4901 1318 4910 ,
1400 4882 1408 4930 ·.
1669 4875 1672 4882 ,
1758 4937 1793 4994 3⁸
