4918 5926
988 769 993 776 ,
1118 752 1163 765 -
1217 709 1292 786 236
1348 751 1393 766 -·

442 917 679 1004 Gnezneusis
698 913 905 1002 Ecclesiae·
918 913 1118 1000 Canonieo'
1131 927 1168 999 et
1182 913 1354 999 Plebano
1370 911 1584 1019 Srzedensi,
1607 913 1844 1002 lllroczlroua
1866 915 1915 1011 dc
1934 923 2075 1032 lopan-

394 1123 396 1128 ,
442 1042 613 1136 ezlcowo,
654 1031 821 1120 Henrico
863 1031 1077 1146 Gayconis,
1118 1029 1382 1146 Wlodzymiro
1419 1030 1467 1119 de
1501 1038 1772 1145 Borzymouo,
1813 1047 1851 1121 et
1883 1032 2074 1126 Milrolaez

368 1145 375 1159 ⁴
441 1151 624 1242 Oczcsua
644 1162 681 1244 el
702 1147 824 1250 multis
843 1149 927 1266 alijs
947 1147 1022 1236 lide
1043 1147 1180 1268 dignis,
1319 1191 1321 1196 v
1406 1213 1411 1220 .
1685 1155 1687 1160 ·
2201 1149 2205 1156 ’

309 1269 311 1280 ’
541 1267 625 1356 Nc's
660 1266 829 1355 eiusdem
864 1281 990 1356 autem
1027 1266 1199 1356 Cnossek
1230 1266 1324 1355 alias
1364 1265 1514 1363 lasselr
1543 1268 1783 1385 petitionibus
1821 1269 2074 1360 favorabiliter

295 1413 298 1420 ’
440 1385 614 1492 inclinati,
635 1384 891 1504 supradictam
912 1385 1067 1488 literam,
1090 1386 1283 1472 ac'omnia
1303 1397 1341 1472 et
1361 1384 1511 1504 singula
1532 1401 1706 1474 contenta
1727 1388 1763 1474 iu
1784 1388 1879 1506 ipsu,
1901 1391 1939 1478 in
1956 1391 2074 1477 omni·

441 1503 513 1592 bus
534 1504 801 1620 suspiretis,
832 1503 1010 1592 clausulis
1032 1517 1069 1588 et
1089 1503 1273 1605 articulis,
1299 1515 1418 1619 prout
1443 1504 1562 1620 ipsius
1589 1517 1698 1591 tenor
1725 1505 1989 1622 praesentibus
2017 1521 2075 1596 cst
2199 1607 2203 1614 ³

440 1625 613 1726 insertus,
634 1621 903 1739 approbamus,
925 1623 1158 1722 innouam'us,
1178 1619 1408 1707 ratificamus
1428 1638 1468 1709 et
1481 1623 1693 1738 praesentis
1714 1623 1844 1740 scripti
1863 1625 2074 1740 pauoaimo

439 1739 724 1844 confirmamus,
738 1741 988 1856 praesentium
1009 1739 1082 1824 sub
1102 1751 1256 1825 nostrae
1276 1737 1487 1854 lllajestatis
1503 1739 1627 1858 sigillo
1643 1741 1855 1828 testimonia
1869 1741 2073 1830 literarum.
2175 1781 2182 1790 ·
2299 1749 2303 1758 '

307 1907 328 1922 =
441 1859 580 1948 Actum
609 1863 824 1944 Poscom'ec
849 1858 1025 1973 proxima
1055 1854 1224 1944 secunda
1254 1857 1348 1942 teria
1378 1873 1468 1971 post
1493 1871 1652 1944 octerres
1682 1855 1916 1974 Epiphaniae
1936 1857 2073 1948 donini

368 2047 371 2056 .
412 1975 490 2086 .(d.
520 1983 567 2064 14
594 1975 776 2096 lanuarij)
806 1975 918 2062 Anno
948 1972 1161 2062 Natiuitatis
1191 1971 1358 2060 eiusdem
1394 1972 1594 2062 Millesimc
1623 1976 1888 2064 trecentesimo
1918 1990 2072 2094 septua-

439 2094 600 2212 gesimo.
640 2091 920 2180 Praesentibus:
942 2091 1094 2180 Passek
1112 2091 1374 2195 Posnanieusi,
1393 2092 1605 2180 Przeczlao
1628 2091 1859 2200 Calissieusi,
1879 2093 2071 2204 Potabis

309 2230 319 2252 '
418 2211 642 2300 tammus
661 2210 931 2314 Posnaniansi,
961 2210 1111 2298 loauue
1133 2208 1370 2314 Calissieusi,
1397 2208 1597 2298 Vincentio
1617 2210 1834 2301 Gnezuensi
1855 2226 1892 2299 et
1908 2209 2089 2302 Nicolac'

270 2415 278 2422 .
438 2327 633 2463 Nalrlensi‚
655 2327 891 2462 Gastsllanis,
910 2357 959 2414 ac
979 2327 1061 2445 alijs
1081 2327 1226 2462 nostris·
1241 2325 1414 2462 fidelibus
1432 2327 1510 2414 lide
1531 2326 1667 2462 dignis.
1683 2327 1838 2462 ‘Datum
1855 2357 2071 2464 per-mamis

185 2461 191 2468 '
339 2465 341 2474 “
439 2446 576 2534 dommi
597 2446 756 2534 loannis
777 2444 826 2530 de
848 2443 1091 2533 Czamlrowo
1110 2443 1393 2533 Archrdracono
1414 2445 1629 2533 Gnezuensr
1646 2445 1729 2558 (sic)
1750 2461 1867 2534 nostri
1882 2445 2070 2537 Vrcecau-

438 2563 588 2654 cellarii.
629 2565 816 2679 Scriptum
839 2591 931 2652 vero
952 2594 1021 2680 per
1046 2563 1338 2669 Smientoslaum
1359 2563 1524 2650 scribam
1547 2563 1719 2650 ciusdem
1746 2562 2070 2686 Vicecancellan'j.

540 2679 577 2768 N
580 2711 627 2768 cs
656 2682 782 2798 itaque
817 2679 1083 2798 sigismundus
1119 2682 1317 2798 Augustus
1350 2680 1439 2768 Rex
1473 2683 1686 2798 praelatus,
1721 2684 2070 2798 supramemoratae

438 2798 700 2916 supplicationi
726 2799 892 2918 benigue
918 2813 1147 2904 annuentes,
1177 2799 1306 2885 literas
1337 2797 1551 2916 praedictas
1582 2800 1617 2888 in
1639 2799 1960 2886 omnituseorun
1980 2801 2069 2888 arti·

440 2917 553 3023 culis,
585 2916 732 3033 puncu's
763 2930 800 3004 et
830 2914 1104 3004 conditionibus
1135 2916 1421 3035 approbandas,
1452 2915 1693 3004 ratilicandas
1721 2932 1761 3002 et
1789 2915 2070 3006 consumandus

440 3063 531 3122 esse
549 3033 731 3140 duximus
752 3045 865 3151 prout
884 3033 1151 3152 approbamus,
1171 3033 1401 3122 ratificamus
1421 3047 1459 3124 et
1473 3033 1740 3128 confirmamus
1759 3064 1828 3152 per
1849 3053 2069 3151 praesentes

437 3150 565 3239 literas
594 3165 767 3258 nostras,
797 3151 916 3240 robur
945 3151 1092 3238 debitae
1128 3165 1166 3238 et
1194 3168 1399 3270 perpetuae
1427 3151 1613 3241 firmitatis
1642 3151 1788 3238 cadem
1804 3151 1972 3240 obtinere
2000 3152 2067 3240 dc*

439 3283 659 3375 cernentes,
690 3269 878 3387 perpetuis
910 3270 1138 3386 temporibus
1168 3287 1206 3358 et
1235 3272 1272 3355 in
1302 3275 1458 3356 aeuum
1500 3269 1543 3357 ln
1575 3285 1751 3388 quantum
1782 3283 1906 3356 tamen
1936 3291 2068 3358 eorum

438 3387 678 3474 articulorum
709 3387 821 3505 aliqui
854 3389 920 3474 iuri
951 3388 1136 3475 communi
1162 3418 1237 3475 non
1258 3387 1456 3507 derogent
1507 3387 1554 3476 lu
1573 3390 1679 3476 cuius
1698 3389 1753 3474 rei
1772 3385 1884 3473 lidem
1906 3402 1942 3474 et
1962 3389 2068 3475 testi-

436 3505 619 3611 monium,
661 3504 819 3621 sigillum
856 3521 1024 3593 nostrum
1058 3503 1230 3625 Regium
1293 3505 1527 3594 raesentibus
1563 3518 1622 3592 est
1655 3533 1877 3622 appensum.
1927 3505 2067 3592 Datum

435 3629 670 3709 Petricouica
690 3623 726 3738 in
751 3621 948 3710 Conuentu
969 3621 1099 3743 Regni
1119 3535 1309 3742 generali,
1338 3624 1430 3712 feria
1451 3623 1579 3740 quinta
1598 3629 1686 3741 post
1705 3624 1839 3710 lestum
1865 3621 1905 3709 S.
1926 3620 2067 3710 Luciae

437 3738 487 3850 (d.
518 3747 556 3824 ll
587 3739 843 3850 Decembris),
874 3742 986 3829 Anna
1013 3742 1153 3828 domini
1181 3739 1239 3828 Μο
1261 3741 1312 3828 Ι)ο
1331 3739 1452 3829 LXll⁰
1471 3741 1604 3860 Regni
1621 3769 1714 3830 vero
1735 3739 1852 3858 nostri
1872 3739 2064 3828 xxxssr.

302 3939 307 3948 ,
435 3857 603 3946 loannes
624 3855 803 3947 Oczieski
822 3856 871 3945 R.
891 3859 936 3946 P.
960 3859 1218 3949 Cancellarius
1238 3860 1471 3977 subscripsit
1511 3859 1664 3949 Relatio
1683 3855 1865 3976 ejusdcm.
