4780 5922
1115 786 1525 858 -bll-'

442 1011 534 1072 suos
555 1010 806 1070 successores
827 981 1024 1098 deputato,
1052 986 1138 1100 juro
1159 1013 1229 1072 suo
1251 987 1439 1072 teutonico
1474 1015 1542 1072 seu
1573 987 1749 1103 polonico
1779 987 2073 1106 respondebunt

441 1097 571 1190 Eciam
609 1099 656 1186 de
686 1114 816 1186 nostra
848 1103 980 1216 gracia
1016 1102 1171 1216 speciali
1201 1101 1425 1189 admittimus
1457 1103 1615 1190 eundem
1652 1106 1883 1221 prepositum
1916 1121 1954 1193 ot
1983 1136 2075 1200 suos

442 1245 702 1321 successores
731 1220 921 1334 perpetuis
935 1211 1182 1335 temporibus,
1207 1234 1294 1334 post
1314 1249 1421 1306 suum
1443 1220 1629 1307 bominem
1650 1222 1818 1312 villarum
1840 1221 2074 1338 supradicta·

443 1367 525 1423 rum
546 1333 722 1422 videlicet
745 1339 911 1436 Cornua,
933 1341 1096 1448 Dymoze
1117 1342 1405 1438 et-osrrowom,
1428 1338 1651 1455 ubicumque
1668 1353 1705 1426 et
1721 1369 1789 1456 per
1805 1365 2075 1457 quemcumque

442 1454 593 1540 occisus
610 1453 725 1554 luerit,
746 1480 882 1568 panant
899 1455 1072 1569 recipere
1088 1453 1295 1571 capitalem,
1316 1485 1390 1572 que
1411 1454 1561 1566 quidem
1577 1485 1677 1570 pena
1699 1459 1734 1544 in
1751 1457 1926 1573 polonico
1944 1456 2076 1546 dicitur
2148 1529 2152 1553 ,

427 1579 666 1684 posscderze
686 1569 789 1680 (sio),
820 1571 916 1658 alias
945 1601 1076 1660 omnes
1106 1603 1227 1688 penas
1259 1589 1333 1660 tarn
1362 1599 1542 1690 magnas,
1574 1598 1685 1682 quam
1716 1597 1879 1691 parvuas
1908 1569 2075 1665 indictis
2139 1574 2157 1662 l

443 1687 536 1776 villis
558 1700 806 1804 perpetratas,
827 1687 925 1776 idem
946 1689 1159 1806 prepositus
1182 1705 1218 1776 et
1238 1692 1294 1790 sui
1316 1719 1566 1776 successores
1587 1720 1657 1805 pro
1679 1723 1721 1778 se
1743 1708 1779 1778 et
1795 1721 1866 1780 suo
1888 1708 2074 1778 conuentu

443 1805 571 1894 tollent
601 1820 638 1891 et
657 1803 867 1911 habebunt,
898 1807 1127 1924 temporibus
1158 1809 1278 1894 eciam
1310 1809 1511 1924 perpetuis.
1562 1807 1605 1894 ln
1625 1809 1731 1895 ouius
1752 1812 1807 1896 rei
1828 1809 2075 1898 testimonium

445 1939 482 2010 ot
500 1923 733 2010 euidenciam
756 1925 959 2040 pleniorem
980 1925 1140 2042 sigillum
1160 1940 1328 2012 nostrum
1351 1937 1408 2010 est
1428 1952 1646 2041 appensum.
1681 1928 1818 2015 Actum
1837 1927 1874 2012 in
1894 1923 2076 2030 ploozlro,

444 2040 504 2126 die
534 2039 655 2126 Marci
686 2043 955 2159 ewangeliste,
992 2071 1092 2128 anno
1123 2042 1263 2130 domini
1294 2042 1486 2131 millesimo
1523 2043 1641 2128 CCC⁰
1672 2044 1912 2162 sexagesimo
1944 2044 2074 2158 primo.

443 2156 691 2244 presentibus
712 2157 966 2276 Dadzybogio
989 2159 1178 2264 plocensi,
1198 2159 1353 2248 daberto
1378 2159 1614 2274 Cuyauiensi,
1634 2160 1809 2248 dohanne
1828 2159 2075 2264 Lanoiciensi,
2182 2155 2194 2222 ·'

446 2274 603 2362 Cbebda
625 2275 866 2389 Synodiensi,
897 2276 1100 2381 Palatinis;
1129 2277 1307 2362 decussio
1336 2277 1626 2365 Suboamerario
1656 2278 1852 2378 plocensi,
1883 2275 2077 2366 Dobeslao

447 2391 664 2480 Castellano
682 2393 959 2497 Cruswiciansi,
981 2410 1018 2482 et
1037 2395 1215 2482 Floriano
1240 2392 1477 2482 Cancellario
1492 2391 1740 2500 Lanciciensi‚
1761 2397 1823 2507 qui
1839 2396 1936 2484 dicte
1952 2394 2079 2482 babuit

445 2509 480 2596 in
502 2511 723 2614 commissis
743 2524 781 2598 et
800 2511 893 2628 alijs.

1164 2825 1357 2944 axau.
1394 2759 1397 2766 ’

780 3097 941 3180 Ammo
966 3092 1119 3178 1362
1146 3097 1199 3178 d.
1225 3093 1296 3179 13
1323 3118 1393 3181 m.
1419 3095 1738 3200 Famam.

358 3273 360 3280 ¹
515 3293 803 3369 Vlurllsluns
818 3297 890 3368 ltux
905 3295 1052 3390 dnjouioc
1067 3296 1343 3370 conmutationem
1358 3301 1512 3370 cartorum
1527 3299 1678 3369 bonorum
1692 3297 1774 3368 inter
1788 3297 2006 3372 nomenoium

658 3395 831 3471 rustum
846 3396 1060 3492 bujarirmcn
1075 3401 1109 3472 ct
1121 3397 1274 3471 filiastros
1289 3399 1357 3490 ojus
1370 3398 1489 3470 ructon
1502 3400 1605 3469 nun
1620 3415 1693 3470 esso
1701 3398 1795 3489 Jubct
1810 3399 1859 3483 (¹).

549 3619 591 3705 ln
620 3621 768 3705 nomine
797 3619 953 3723 domini,
985 3647 1105 3705 amen.
1155 3618 1345 3705 Vniuersa
1377 3647 1450 3735 que
1480 3617 1573 3704 fiunt
1602 3617 1785 3736 negocia,
1817 3618 1936 3736 proob
1965 3616 2074 3707 dolor

448 3735 549 3855 apud
569 3736 739 3825 homines
761 3737 908 3823 labente
931 3752 1097 3854 tempore
1117 3735 1302 3840 vacillant,
1325 3736 1394 3822 nisi
1415 3738 1555 3856 pagine
1576 3751 1612 3823 et
1632 3735 1799 3854 sc(ripti),
1827 3737 2076 3854 tast(iumque)
2229 3777 2235 3791 ·

447 3857 581 3944 luerint
595 3855 770 3974 insignita
790 3850 984 3976 suffragio.
1021 3854 1138 3972 lgitor
1157 3851 1242 3940 Nos
1263 3851 1524 3966 Wlad(islaus)
1545 3854 1617 3940 Dei
1638 3856 1768 3972 gracia
1791 3853 1878 3940 Dux
1899 3855 2076 3970 Cuyauie,

449 3974 697 4090 dominusque
714 3973 1024 4071 Gnevooviensis
1041 3971 1090 4058 ad
1107 3986 1286 4090 perpetue
1298 3971 1379 4084 (sio)
1390 3973 1670 4060 reimemoriam
1682 3971 1921 4059 edisserimus
1932 3972 2077 4059 uniuer0

449 4094 515 4197 siS,
532 4105 605 4178 tam
622 4092 856 4208 presentibus
872 4121 982 4208 quam
999 4091 1139 4191 futuris,
1157 4120 1314 4207 quorum
1330 4090 1516 4177 audicioni
1531 4119 1691 4208 presens
1703 4089 1877 4206 scriptum
1889 4090 2075 4178 recitatur.

450 4205 566 4322 Quod
588 4223 761 4293 strenuus
782 4207 887 4293 miles
908 4208 1080 4295 dominus
1101 4207 1293 4295 Moszoicz
1315 4208 1508 4294 palatinus
1531 4207 1788 4323 CuyauiensiS,
1810 4220 1846 4293 et
1861 4207 1918 4294 sui
1934 4204 2076 4294 liliastri

450 4329 506 4414 sio
527 4324 702 4414 nominati
721 4322 911 4410 videlicet:
946 4323 1144 4428 NicolauS,
1171 4323 1331 4430 Bicbno,
1353 4324 1492 4411 Czibor
1512 4325 1546 4410 in
1568 4337 1697 4410 nostra
1718 4325 1915 4440 presencia
1936 4324 2076 4410 eonsti-

450 4444 514 4532 tuti
529 4441 785 4532 'notilioantesz
806 4441 989 4528 cambium
1011 4441 1194 4528 laudabile
1214 4445 1308 4530 inter
1330 4472 1372 4528 se
1394 4470 1477 4527 oum
1499 4440 1764 4528 hereditatibus
1785 4451 1912 4528 mutuo
1929 4440 2075 4528 iecisse.

450 4555 504 4648 lta
532 4559 634 4678 quod
663 4561 720 4648 sui
746 4557 888 4647 liliastri
916 4561 1018 4678 prius
1045 4560 1240 4663 nominati,
1271 4559 1373 4646 sanis
1395 4559 1617 4678 corporibus
1646 4573 1683 4645 et
1703 4559 1822 4677 plenis
1848 4557 2075 4664 nacionibus,

553 4811 591 4895 (¹)
618 4809 667 4876 Ex
681 4810 843 4897 archetypo
858 4813 1087 4878 membranaceo
1100 4770 1133 4876 in
1146 4809 1336 4876 Varsaviensi
1350 4809 1498 4876 tabulario
1517 4809 1638 4894 publico
1658 4808 1756 4894 Regni
1778 4806 1922 4874 Poloniao
1942 4805 1996 4875 ppo
2010 4803 2074 4873 605

452 4903 619 4963 arscruato.
651 4895 877 4963 Documentum
892 4897 951 4963 hoc
965 4897 1101 4984 pluribus
1116 4895 1200 4961 rimis
1214 4895 1338 4962 laesum.
1366 4891 1502 4980 Sigillum
1517 4895 1611 4960 deese
1870 4989 1905 5047 w
