4788 5926
202 3676 206 3684 ·
346 3625 487 3730 timna,
525 3627 619 3740 parti
654 3626 818 3714 adverse
854 3641 1075 3742 perpetuum
1112 3625 1303 3720 silencium
1340 3641 1475 3714 extunc
1511 3627 1743 3741 inponentes.

1030 723 1281 802 ¹...85..

343 929 493 1034 lutaris,
525 927 648 1046 quod,
680 957 765 1014 cum
785 929 880 1014 inter
902 929 1165 1015 uenerabilem
1186 931 1304 1018 uirum
1326 931 1513 1020 dominum
1538 933 1694 1020 Petrum
1715 935 1902 1022 Abbatem
1923 937 1971 1024 de

344 1052 482 1134 Sutthw
514 1049 661 1161 atejus
693 1053 916 1132 conventum
948 1045 1089 1132 ordinis
1122 1046 1399 1161 Cysteroiensis
1431 1083 1480 1138 ex
1506 1082 1579 1136 una
1613 1066 1740 1168 parte,
1773 1069 1808 1139 et
1829 1054 1974 1140 nobiles

271 1217 273 1222 .
345 1167 449 1255 viros
481 1164 713 1279 Stephanum
735 1163 847 1249 lilium
878 1162 1040 1270 hlberti,
1071 1162 1293 1252 Nioholaum
1324 1167 1436 1252 hlium
1469 1168 1644 1286 Vogzlaij
1678 1199 1725 1256 ac
1757 1170 1975 1257 Baldricum

346 1282 497 1368 filiolum
526 1282 691 1396 ipsorum
712 1311 762 1366 ex
782 1282 918 1385 altera,
949 1311 1019 1398 pro
1041 1281 1246 1369 hereditate
1268 1316 1341 1402 que
1362 1293 1589 1372 Batdrichoo
1602 1283 1657 1398 (ἓ)
1679 1303 1847 1392 vocatur,
1867 1291 1976 1402 juxta

347 1399 496 1484 lluvium
541 1400 576 1484 ui
592 1405 664 1485 Nt'r
678 1416 837 1490 vocatur
853 1401 935 1504 sita,
955 1400 1088 1486 luisset
1104 1416 1234 1486 exorta
1251 1404 1405 1516 materia
1420 1406 1627 1519 questionis
1649 1406 1970 1510 coramnobiS,-v-1

347 1515 432 1604 Nos
464 1529 501 1600 et
569 1547 707 1603 arones
732 1519 848 1606 nostri
869 1533 956 1604 tunc
977 1534 1198 1633 presentes,
1231 1517 1439 1607 Nicholaus
1460 1521 1634 1608 videlieet
1653 1521 1749 1609 filias
1779 1523 1973 1641 ttttstiwgtj

347 1632 724 1721 condam.Palatinus
748 1632 1011 1746 Cracovie(³),
1031 1635 1157 1722 Adam
1178 1636 1416 1724 Castellanus
1438 1637 1485 1724 de
1505 1637 1682 1756 Rozpra,
1704 1639 1975 1758 Sandiwogius

347 1749 517 1839 Venator
536 1767 665 1838 nostre
674 1754 805 1859 eurio,
828 1768 864 1840 et
883 1753 1142 1871 Dirsicragius
1163 1770 1293 1841 noster
1314 1756 1640 1859 SuboamerariuS,
1660 1788 1683 1844 a
1705 1757 1806 1844 dioto
1827 1757 1976 1843 hbbate
2054 1743 2074 1838 ἑ
2143 1761 2149 1772 ’

335 1868 392 1954 P.
416 1883 452 1954 et
473 1871 554 1984 ejus
574 1868 749 1978 iratribus
771 1870 1061 1989 requisivimus,
1081 1901 1104 1955 a
1126 1900 1200 1988 quo
1221 1871 1280 1957 vel
1302 1871 1400 1958 unde
1421 1875 1718 1988 prenominatam
1738 1873 1976 1990 possiderent

346 1983 606 2073 hereditatem:
628 1987 691 2103 qui
711 2001 966 2092 asseruerunt,
988 1987 1090 2104 quod
1112 1987 1207 2094 ordo
1229 1991 1396 2106 ipsorum
1418 1989 1564 2096 domus,
1586 1991 1728 2077 scilicet
1749 1991 1796 2076 de
1818 1992 1975 2096 Suliow,

348 2102 470 2190 multis
491 2118 578 2190 ante
591 2106 829 2222 'temporibus
849 2105 1042 2222 possedit,
1074 2122 1111 2192 et
1130 2106 1361 2224 privilegium
1383 2106 1522 2194 domini
1553 2107 1673 2224 Papa·
1692 2108 1852 2196 Honorii
1884 2138 1975 2194 eon-

347 2218 587 2306 hrmatorinm
619 2223 727 2308 nobis
760 2221 1081 2326 demonstrarunt,
1113 2222 1176 2308 ubi
1196 2222 1387 2310 hereditas
1418 2226 1546 2340 sepius
1577 2227 1672 2330 lata,
1704 2227 1768 2310 luit
1789 2241 1975 2312 annotata.

347 2336 533 2423 Adtamen
555 2337 604 2424 ad
626 2341 804 2454 majorem
827 2341 881 2424 rei
902 2338 1145 2443 evideneiam,
1166 2339 1349 2455 prelibato
1372 2339 1522 2427 domino
1543 2341 1682 2428 Abbati
1703 2340 1820 2428 Petro
1843 2345 1976 2456 atejus

346 2454 523 2541 fratribus
544 2454 641 2540 diem
662 2457 953 2571 peremptorium
974 2456 1243 2562 constituimus,
1264 2460 1325 2543 avi
1340 2459 1535 2574 nostripie
1551 2457 1834 2544 recordacionis
1856 2459 1975 2544 Ducis

346 2569 546 2675 Kazimiri,
588 2579 634 2656 eir
655 2574 763 2686 cujus
800 2570 1013 2657 donacione
1035 2571 1241 2687 predictum
1273 2573 1482 2662 Baldrihov
1513 2601 1597 2659 cum
1629 2576 1707 2662 suis
1739 2575 1976 2690 pertinenciis

345 2686 561 2803 possident,
593 2718 664 2772 nec
685 2718 761 2773 non
782 2689 898 2803 patris
919 2690 1035 2774 nostri
1057 2688 1156 2774 bone
1177 2691 1356 2775 memoria
1376 2676 1494 2775 Ducis
1517 2689 1683 2777 Conradi
1705 2721 1820 2806 super
1841 2691 1975 2790 eodem
2071 2683 2097 2780 ,'
2216 2753 2224 2762 -
2312 2753 2317 2762 ·

346 2805 510 2922 negocio
532 2805 731 2922 privilegia
749 2804 916 2920 ponendi
937 2834 1067 2912 coram
1089 2806 1209 2893 nobis.
1251 2805 1329 2920 Qui
1350 2809 1385 2892 in
1407 2808 1564 2894 termino
1586 2807 1639 2892 eis
1660 2807 1821 2924 profixo,
1842 2807 1977 2893 eadem
2087 2911 2091 2919 ἱ

348 2922 544 3039 privilegia
565 2951 639 3007 non
663 2921 890 3025 cancellata,
922 2951 997 3008 non
1018 2922 1183 3030 abolita,
1200 2954 1272 3011 nec
1289 2925 1329 3030 in
1351 2925 1475 3040 aliqua
1496 2927 1553 3010 sui
1573 2940 1680 3041 parte
1700 2925 1846 3028 viciata,
1866 2925 1975 3012 nobis

349 3052 618 3155 apportarunt;
640 3069 712 3158 que
732 3069 803 3126 nos
825 3037 1041 3158 diligentius
1060 3040 1345 3158 perspicientes,
1365 3043 1558 3129 sentencia
1579 3041 1741 3129 dictante
1762 3072 1810 3128 ac
1823 3043 1976 3158 justicia

347 3155 555 3260 mediante,
589 3155 665 3243 lilio
698 3172 828 3244 nostro
860 3156 968 3245 Duce
999 3157 1225 3244 Semomislo
1248 3157 1385 3244 ibidem
1407 3159 1608 3264 existente,
1645 3190 1729 3246 cum
1760 3157 1975 3264 Beronibus

346 3275 486 3390 nostris
514 3275 710 3362 nobiscum
724 3272 1181 3394 judiciopresidentibus,
1215 3274 1361 3362 Comite
1387 3274 1561 3362 videlicet
1591 3277 1774 3395 Sethegio
1802 3275 1976 3363 Palatino

245 3452 249 3462 ι
347 3390 582 3479 Lanciciensi
603 3409 640 3480 et
658 3393 894 3510 Dirsicragio
915 3409 1047 3480 nostro
1069 3392 1381 3497 Subcamerario,
1414 3391 1608 3509 sepedicto
1634 3394 1774 3478 Abbati
1800 3393 1916 3479 Petro
1939 3407 1977 3478 et

349 3507 482 3594 domui
495 3509 544 3594 de
566 3510 698 3597 Suliov
716 3524 951 3626 pretaxatam
973 3508 1217 3596 hereditatem
1249 3517 1483 3614 Boldrz'choo
1497 3508 1762 3626 perpetualiter
1781 3509 1975 3712 appodica-

1842 3642 1854 3712 t
1889 3657 1975 3742 quta

448 3927 475 4010 (¹²
520 3925 608 3992 Conl.
624 3925 661 3988 ad
678 3923 772 4009 privil.
788 3927 842 3991 h'ro
858 3927 908 3991 lV.
924 3928 1133 4011 praemissum,
1148 3883 1373 3992 annotationem
1389 3936 1537 4013 quartam.

448 4011 474 4094 (³
518 4009 579 4090 Qui
603 4009 689 4075 nobis
711 4008 810 4075 adhuc
833 4011 896 4076 noti
917 4018 988 4076 snat
1010 4010 1110 4076 sontes
1133 4011 1170 4076 ad
1193 4010 1348 4077 historiam
1372 4013 1438 4076 e'us
1460 4013 1605 4096 temporis
1620 4010 1975 4094 spectantes,'digoitato

303 4151 308 4158 .
346 4075 474 4159 Palatini
490 4093 698 4160 Cracouiensis
714 4113 731 4157 a
747 4093 795 4159 die
807 4097 852 4158 4²³
865 4117 943 4159 man.
954 4095 1111 4159 Februarii
1126 4095 1207 4160 1256
1219 4095 1255 4162 ad
1268 4096 1348 4160 diem
1365 4033 1402 4159 tl
1415 4095 1527 4159 mansis
1538 4093 1650 4177 Aprilis
1662 4113 1687 4158 a.
1702 4093 1793 4169 1260,
1816 4093 1994 4158 Nicolaum

346 4179 566 4242 sunctum'esaa
580 4185 738 4244 testantur.
762 4179 856 4262 ¹(Vid.
878 4178 1040 4243 Nalielscii
1063 4179 1170 4244 Ms'ech.
1186 4199 1213 4263 p.
1234 4179 1293 4244 ttt
1309 4187 1339 4244 et
1357 4177 1434 4262 183).
1470 4177 1574 4255 Quum
1589 4177 1682 4261 igitur
1697 4178 1726 4240 in
1747 4177 1806 4243 hoc
1820 4179 1975 4276 priuilegio
1990 4208 1994 4218 ·

345 4284 372 4327 a
391 4260 469 4328 taor
488 4261 619 4328 eundem
632 4261 801 4328 ¹Nicolaum
826 4263 855 4326 in
878 4264 946 4328 aula
967 4262 1116 4344 Principis
1139 4262 1278 4328 Casimiri
1301 4269 1469 4327 versantem
1494 4262 1647 4334 videmus,
1669 4262 1698 4325 in
1716 4283 1783 4327 eam
1799 4283 1973 4346 opinionem

346 4345 517 4422 incidimus,
530 4354 566 4410 ut
576 4345 672 4410 rhum
685 4345 765 4412 hunc
781 4347 812 4411 in
823 4345 1062 4411 dissensionibus
1078 4345 1207 4411 boleslai
1220 4345 1327 4410 Pudici
1338 4365 1407 4408 cum
1424 4343 1570 4409 Casimiro
1587 4343 1757 4428 Cujavieosi
1772 4347 1868 4422 Duce,
1884 4345 1974 4429 hujus

261 4515 269 4530 .
346 4437 446 4528 partes
462 4437 610 4506 secutum,
626 4429 791 4514 palatinatu
808 4431 956 4526 priuatum
968 4451 1044 4505 esso,
1060 4450 1158 4525 neque
1174 4436 1457 4525 tamennmortuum,
1472 4435 1508 4526 ut
1522 4429 1619 4526 credit
1633 4427 1815 4494 Ilheu'eclo'us
1829 4429 1868 4524 (in
1882 4447 1974 4510 opere

347 4513 817 4682 tttthdtttht’ltet
829 4509 1974 4689 tlt.:tttlttttttltlttdltttttltattttttlttttt

346 4681 427 4764 quod
450 4682 518 4776 yida
539 4683 579 4746 sis
602 4681 630 4745 in
647 4683 785 4767 Paprocii
802 4702 894 4766 opere
915 4681 1019 4766 Herby
1032 4680 1206 4777 Rycerstwo
1222 4701 1248 4763 p.
1265 4680 1313 4745 lb.
1329 4681 1379 4744 Π.
1409 4681 1443 4745 ln
1459 4681 1562 4745 tabula
1579 4680 1814 4775 magistratuum¹
1826 4699 1873 4775 ma
1886 4691 1979 4743 orum

346 4763 475 4830 Minoris
488 4765 645 4844 Poloniae,
664 4787 743 4851 quaa
758 4775 806 4832 ast
819 4767 850 4830 in
865 4766 991 4832 historia
1008 4765 1054 4830 Ro
1077 4765 1135 4838 alh,
1153 4784 1206 4846 por
1221 4784 1357 4829 errorem
1373 4765 1429 4830 sub
1446 4785 1472 4828 a.
1491 4765 1572 4829 1270
1587 4763 1702 4830 Nrcolar
1719 4762 1847 4828 Palatini
1865 4700 1974 4828 draco.

345 4847 455 4913 niensis
471 4870 581 4914 nomen
598 4851 729 4938 positum
745 4871 812 4916 esse
826 4849 954 4918 uidetur.
984 4785 1075 4918 Conll
1090 4848 1161 4914 ibid.
1176 4869 1204 4932 p.
1219 4848 1291 4915 537.
1307 4856 1441 4916 annotat.
1456 4848 1485 4912 3.

2039 3288 2057 3378 a
2147 3237 2149 3240 ,
