4800 5942
1149 693 1415 771 ,304-

458 896 721 1014 pertinenciis,
751 893 1047 998 obuenoiuoibus
1074 909 1112 982 et
1130 891 1328 1011 appendijs
1355 894 1538 985 vrriuersis
1569 892 1619 982 ud
1652 894 1739 1012 ipss
1766 895 2023 1012 spectantibus
2042 899 2092 993 ab

460 1019 628 1136 antiquo,
649 1013 874 1119 babendum,
895 1013 1110 1119 tenendum,
1126 1013 1372 1100 utilruendum
1394 1029 1432 1102 et
1451 1011 1609 1130 puoilioe
1629 1011 1995 1129 possidendumtum
2016 1016 2092 1116 diu,

461 1165 658 1254 quousque
688 1132 856 1249 prediote
887 1131 1160 1250 quadringente
1191 1161 1319 1218 meree
1350 1132 1508 1218 latorum
1536 1159 1762 1249 grossorum
1791 1135 2032 1252 pragensium
2053 1151 2093 1224 et

459 1268 606 1352 uentum
619 1279 754 1339 meroe
775 1267 937 1354 monete,
957 1265 997 1336 ut
1017 1251 1259 1365 prefertur‘iu
1279 1249 1421 1365 Regno
1444 1248 1688 1354 duuurrentis‚
1711 1250 1781 1339 sibi
1801 1268 1866 1350 eut
1884 1254 1965 1352 suis
1981 1253 2090 1338 here·

305 1379 311 1386 “
458 1371 567 1457 dibus
590 1383 626 1455 et
642 1369 930 1456 suecessoribus
952 1368 1135 1485 legitimis,
1155 1398 1224 1483 per
1244 1397 1316 1454 nos
1336 1380 1401 1452 eut
1420 1396 1669 1454 successores
1689 1362 1844 1463 nostrus
1857 1371 1934 1461 inte
1966 1371 2090 1460 reliter

457 1487 729 1605 persoluentur.
782 1487 931 1600 Quibus
952 1488 1102 1588 solutis,
1130 1501 1315 1589 oestrum,
1346 1485 1519 1602 opidum,
1544 1486 1646 1587 ville,
1667 1487 1799 1601 predio
1821 1503 1858 1574 et
1878 1401 2090 1576 molendina

456 1606 638 1724 predicte,
659 1604 708 1691 ed
730 1635 802 1692 nos
823 1619 861 1690 et
881 1622 1033 1692 nostros
1054 1633 1302 1691 successores
1321 1618 1556 1690 reuertentur
1577 1603 1688 1720 pleno
1703 1606 1801 1720 jure.
1848 1605 2090 1693 Stuoionibus

455 1725 595 1812 nostris
617 1724 780 1809 exclusis
801 1738 838 1809 et
861 1721 1048 1839 exceptis,
1079 1721 1365 1850 quesznubis'et
1385 1725 1524 1809 nostris
1546 1723 1855 1829 suecessoribus,
1878 1722 2088 1811 donacione

454 1840 626 1959 prediutu
657 1871 732 1927 non
764 1841 956 1944 obstante,
989 1871 1228 1926 reseruemus
1259 1855 1295 1926 et
1316 1839 1488 1926 volumus
1513 1839 1713 1927 reseruari.
1749 1839 1927 1946 Herum,
1947 1841 2083 1960 quibus

455 1959 617 2077 sigillum
649 1973 815 2049 nostrum
848 1974 907 2046 est
930 1987 1158 2076 appensum,
1190 1959 1398 2047 testimonio
1419 1959 1620 2046 literarum.
1677 1957 1814 2048 Datum
1845 1959 2088 2064 intuentia

455 2079 547 2163 lerie
568 2077 693 2194 quinte
716 2076 884 2194 proximu
907 2091 994 2194 post
1013 2078 1146 2163 lustum
1175 2072 1472 2181 penthecostes,
1503 2105 1602 2162 enno
1624 2073 1763 2163 domini
1784 2075 1976 2164 millesimo
1997 2107 2087 2196 quu-

456 2193 752 2314 dringentesimo
772 2195 1097 2312 vigesimusexto.
1227 2263 1229 2268 ,
1456 2199 1458 2202 ’
2066 2285 2071 2296 ,

557 2312 618 2399 Ad
640 2313 865 2400 relacionem
881 2312 1106 2402 venerabilis
1123 2310 1261 2400 donini
1282 2311 1467 2402 lobannis
1488 2312 1633 2400 [locuni
1656 2309 1937 2421 Cruoouiensis‚
1959 2311 2085 2433 Regni

453 2429 613 2520 Polonie
636 2431 872 2550 Cenoellerij.
1210 2455 1212 2458 ·

1153 2677 1389 2794 utxxttt

509 2940 512 2949 ·
608 2928 953 3027 posnaniae,
980 2948 1135 3016 anno
1161 2927 1312 3017 1429
1340 2931 1393 3016 u.
1419 2929 1498 3016 so
1525 2883 1723 3016 nense
1749 2929 1928 3066 aanor.

497 3077 809 3204 muninus
823 3077 1053 3206 utrumne
1066 3133 1167 3206 rouro
1181 3133 1276 3217 reno
1289 3128 1418 3206 unsis
1432 3134 1612 3207 suumn
1628 3133 1800 3206 monus
1813 3131 1908 3206 rum
1923 3132 2035 3200 om

751 3238 786 3307 st
798 3237 901 3302 tutuo
917 3235 959 3318 ut
971 3238 1114 3324 nunti
1127 3237 1213 3320 uites
1228 3235 1369 3328 duston
1382 3235 1591 3328 possidendus
1606 3237 1730 3308 rudent
1744 3237 1794 3320 (¹).

357 3475 360 3480 ·
472 3547 475 3556 ,
520 3544 524 3554 ,
553 3455 790 3544 Wledisleus
811 3457 871 3546 dei
891 3459 1024 3576 grauia
1045 3458 1131 3549 Rex
1151 3457 1322 3563 Polonie,
1342 3456 1628 3578 Litbwsnieque
1648 3457 1836 3575 Prinoeps
1856 3487 2081 3575 suppremus

450 3591 523 3664 eto.
575 3573 843 3692 Signibeemus
865 3590 995 3665 tenore
1017 3577 1275 3694 presencium,
1307 3579 1442 3695 quibus
1464 3579 1615 3694 expedit
1635 3578 1839 3665 uniuersis:
1875 3573 2080 3688 Quomodo

403 3689 407 3699 ⁴
448 3691 686 3782 altendentes
707 3693 1025 3810 gralelsrdelitntis
1047 3694 1217 3784 studiosa
1239 3697 1423 3812 obsequia
1455 3695 1642 3812 magnifici
1670 3695 1773 3782 Petri
1802 3692 1974 3810 Bnyn'slsj
1993 3692 2080 3781 ,Cu-

450 3809 597 3898 stelleni
618 3809 854 3898 Gnezneusis
876 3813 985 3901 nobis
1006 3814 1155 3902 sineere
1175 3813 1318 3916 dilecti,
1341 3844 1414 3931 que
1436 3815 1545 3900 nubis
1567 3812 1748 3916 exhibuit,
1769 3828 1806 3900 et
1827 3814 2079 3927 imposterum,

448 3927 615 4018 adaucto
630 3925 817 4016 fidelitatis
833 3928 968 4032 studio,
989 3932 1224 4043 presteneius
1238 3935 1376 4045 polerit
1391 3930 1576 4018 exhibere.
1612 3928 1798 4019 Volentes
1818 3931 1928 4048 igitur
1948 3929 2079 4043 ipsum,

449 4047 581 4134 burum
598 4047 737 4150 intuitu,
752 4046 965 4163 greoimurn
983 4060 1193 4134 nostrarum
1209 4051 1391 4166 prosequi
1406 4050 1611 4154 lemuribus,
1633 4063 1670 4134 et
1685 4047 1734 4134 ud
1750 4044 2088 4161 nostre-obsequis

449 4163 498 4250 de
518 4180 692 4280 prompto
713 4165 878 4252 reddere
898 4166 1195 4281 prompeiorem,
1227 4166 1296 4254 sibi
1317 4167 1423 4256 villus
1445 4180 1597 4254 nostres
1629 4167 1773 4252 Croeso
1799 4179 1839 4252 et
1863 4169 2012 4266 Sabou,
2043 4163 2077 4248 in

450 4281 567 4368 Terra
585 4279 742 4368 bleioris
758 4284 916 4370 Polonie
933 4298 970 4369 et
985 4284 1162 4371 Distriutu
1182 4285 1433 4376 Poznuuiensi
1449 4287 1552 4388 sites,
1568 4312 1663 4402 quus
1680 4310 1705 4370 a
1720 4281 1845 4370 Nobili
1861 4279 2078 4396 Przetbpel

447 4397 1225 4510 repellendodestanseooontioottm
1236 4399 1834 4522 mugnifioilllostiezijdeeadem
1849 4405 2076 4495 Smudoim

547 4647 590 4734 (¹)
616 4649 665 4714 Ex
679 4647 844 4732 archetypo
859 4649 1092 4730 membranaceo
1106 4653 1137 4718 in
1152 4653 1343 4720 Vorssriensi
1358 4652 1506 4716 tubrdnriu
1521 4652 1643 4734 publioo
1665 4651 1761 4736 Regni
1784 4648 1930 4718 Poluniue
1945 4647 2001 4713 N¹⁰
2014 4643 2076 4730 :tut

444 4741 611 4798 usseruntu.
647 4731 783 4820 Sigillum
800 4731 917 4798 mediae
932 4731 1048 4802 termus
1064 4738 1192 4814 teeuioln
1207 4757 1391 4823 pergamena
1410 4757 1575 4821 appensum
1598 4737 1675 4815 tulo,
1697 4735 1780 4821 qunti
1802 4735 1868 4800 llus
1892 4731 2077 4801 wladislaus

444 4817 533 4902 vulgo
548 4817 699 4883 utebatur.
735 4814 849 4883 Tubulo
866 4817 1009 4903 praecise.
1552 4877 1559 4886 .
1639 4870 1651 4887 ..
1782 4857 1788 4894 r
1836 4887 1839 4894 .
2031 4885 2036 4892 .
