<?xml version="1.0" encoding="UTF-8"?>
<!DOCTYPE html PUBLIC "-//W3C//DTD XHTML 1.0 Transitional//EN"
    "http://www.w3.org/TR/xhtml1/DTD/xhtml1-transitional.dtd">
<html xmlns="http://www.w3.org/1999/xhtml" xml:lang="en" lang="en">
 <head>
  <title>
</title>
<meta http-equiv="Content-Type" content="text/html;charset=utf-8" />
  <meta name='ocr-system' content='tesseract 3.04.00' />
  <meta name='ocr-capabilities' content='ocr_page ocr_carea ocr_par ocr_line ocrx_word'/>
</head>
<body>
  <div class='ocr_page' id='page_1' title='image "./codexdiplomatic02bartgoog_0388.png"; bbox 0 0 4800 5942; ppageno 0'>
   <div class='ocr_carea' id='block_1_1' title="bbox 1127 733 1486 808">
    <p class='ocr_par' dir='ltr' id='par_1_1' title="bbox 1127 733 1486 808">
     <span class='ocr_line' id='line_1_1' title="bbox 1127 733 1486 808; baseline -0.008 0"><span class='ocrx_word' id='word_1_1' title='bbox 1127 733 1486 808; x_wconf 78' lang='grc'>-346-.</span> 
     </span>
    </p>
   </div>
   <div class='ocr_carea' id='block_1_2' title="bbox 444 869 2077 1054">
    <p class='ocr_par' dir='ltr' id='par_1_2' title="bbox 444 869 2077 1054">
     <span class='ocr_line' id='line_1_2' title="bbox 444 869 2077 1054; baseline -0.001 -30"><span class='ocrx_word' id='word_1_2' title='bbox 444 869 820 1038; x_wconf 85' lang='lat' dir='ltr'><strong>Berones,Nobiles,</strong></span> <span class='ocrx_word' id='word_1_3' title='bbox 842 947 879 1019; x_wconf 88' lang='lat' dir='ltr'><strong>at</strong></span> <span class='ocrx_word' id='word_1_4' title='bbox 895 923 1074 1019; x_wconf 88' lang='lat' dir='ltr'><strong>Civitates</strong></span> <span class='ocrx_word' id='word_1_5' title='bbox 1089 932 1133 1024; x_wconf 87' lang='lat' dir='ltr'><strong>iu</strong></span> <span class='ocrx_word' id='word_1_6' title='bbox 1141 928 1284 1050; x_wconf 87' lang='lat' dir='ltr'><strong>Regno</strong></span> <span class='ocrx_word' id='word_1_7' title='bbox 1299 930 1469 1020; x_wconf 91' lang='lat' dir='ltr'><strong>Polonie.</strong></span> <span class='ocrx_word' id='word_1_8' title='bbox 1506 929 1586 1017; x_wconf 88' lang='lat' dir='ltr'><strong>Sed</strong></span> <span class='ocrx_word' id='word_1_9' title='bbox 1602 960 1651 1017; x_wconf 91' lang='lat' dir='ltr'><strong>ne</strong></span> <span class='ocrx_word' id='word_1_10' title='bbox 1667 959 1716 1018; x_wconf 86' lang='lat' dir='ltr'><strong>ex</strong></span> <span class='ocrx_word' id='word_1_11' title='bbox 1731 931 1803 1019; x_wconf 89' lang='lat' dir='ltr'><strong>hac</strong></span> <span class='ocrx_word' id='word_1_12' title='bbox 1819 936 2077 1054; x_wconf 89' lang='lat' dir='ltr'><strong>generalitate,</strong></span> 
     </span>
    </p>
   </div>
   <div class='ocr_carea' id='block_1_3' title="bbox 328 1046 2189 4926">
    <p class='ocr_par' dir='ltr' id='par_1_3' title="bbox 328 1046 2189 4926">
     <span class='ocr_line' id='line_1_3' title="bbox 444 1046 2075 1174; baseline -0.001 -32"><span class='ocrx_word' id='word_1_13' title='bbox 444 1057 568 1174; x_wconf 87' lang='lat' dir='ltr'><strong>alique</strong></span> <span class='ocrx_word' id='word_1_14' title='bbox 600 1052 824 1170; x_wconf 71' lang='lat' dir='ltr'><strong>ambiguitas</strong></span> <span class='ocrx_word' id='word_1_15' title='bbox 855 1052 935 1136; x_wconf 92' lang='lat' dir='ltr'><strong>sive</strong></span> <span class='ocrx_word' id='word_1_16' title='bbox 967 1048 1138 1135; x_wconf 78' lang='lat' dir='ltr'>dubietas</span> <span class='ocrx_word' id='word_1_17' title='bbox 1169 1050 1431 1166; x_wconf 73' lang='lat' dir='ltr'><strong>imposterum,</strong></span> <span class='ocrx_word' id='word_1_18' title='bbox 1463 1046 1732 1166; x_wconf 87' lang='lat' dir='ltr'><strong>quoquomodo</strong></span> <span class='ocrx_word' id='word_1_19' title='bbox 1763 1052 1886 1166; x_wconf 80' lang='lat' dir='ltr'><strong>possit</strong></span> <span class='ocrx_word' id='word_1_20' title='bbox 1904 1052 2075 1156; x_wconf 90' lang='lat' dir='ltr'><strong>suboriri,</strong></span> 
     </span>
     <span class='ocr_line' id='line_1_4' title="bbox 444 1165 2074 1287; baseline -0.002 -27"><span class='ocrx_word' id='word_1_21' title='bbox 444 1176 454 1260; x_wconf 93' lang='lat' dir='ltr'><strong>i</strong></span> <span class='ocrx_word' id='word_1_22' title='bbox 483 1203 547 1260; x_wconf 90' lang='lat' dir='ltr'><strong>sas</strong></span> <span class='ocrx_word' id='word_1_23' title='bbox 562 1171 754 1258; x_wconf 80' lang='lat' dir='ltr'><strong>libertates</strong></span> <span class='ocrx_word' id='word_1_24' title='bbox 770 1198 838 1254; x_wconf 91' lang='lat' dir='ltr'><strong>seu</strong></span> <span class='ocrx_word' id='word_1_25' title='bbox 857 1165 1040 1285; x_wconf 89' lang='lat' dir='ltr'><strong>quasdam</strong></span> <span class='ocrx_word' id='word_1_26' title='bbox 1061 1166 1239 1283; x_wconf 88' lang='lat' dir='ltr'><strong>ipsarum,</strong></span> <span class='ocrx_word' id='word_1_27' title='bbox 1260 1167 1320 1254; x_wconf 83' lang='lat' dir='ltr'><strong>tic</strong></span> <span class='ocrx_word' id='word_1_28' title='bbox 1341 1166 1580 1254; x_wconf 84' lang='lat' dir='ltr'><strong>decrevimus</strong></span> <span class='ocrx_word' id='word_1_29' title='bbox 1600 1197 1743 1284; x_wconf 91' lang='lat' dir='ltr'><strong>ponere</strong></span> <span class='ocrx_word' id='word_1_30' title='bbox 1758 1198 1827 1286; x_wconf 93' lang='lat' dir='ltr'><strong>per</strong></span> <span class='ocrx_word' id='word_1_31' title='bbox 1842 1198 2074 1287; x_wconf 88' lang='lat' dir='ltr'><strong>expressum.</strong></span> 
     </span>
     <span class='ocr_line' id='line_1_5' title="bbox 442 1203 2076 1406; baseline -0.002 -29"><span class='ocrx_word' id='word_1_32' title='bbox 442 1203 494 1379; x_wconf 77' lang='lat' dir='ltr'><strong>lb</strong></span> <span class='ocrx_word' id='word_1_33' title='bbox 507 1290 637 1406; x_wconf 83' lang='lat' dir='ltr'><strong>prim&#39;o:</strong></span> <span class='ocrx_word' id='word_1_34' title='bbox 660 1316 791 1374; x_wconf 92' lang='lat' dir='ltr'><strong>omnes</strong></span> <span class='ocrx_word' id='word_1_35' title='bbox 807 1283 1053 1389; x_wconf 83' lang='lat' dir='ltr'><strong>donaciones,</strong></span> <span class='ocrx_word' id='word_1_36' title='bbox 1074 1283 1282 1402; x_wconf 86' lang='lat' dir='ltr'><strong>privilegia,</strong></span> <span class='ocrx_word' id='word_1_37' title='bbox 1304 1299 1342 1372; x_wconf 88' lang='lat' dir='ltr'><strong>et</strong></span> <span class='ocrx_word' id='word_1_38' title='bbox 1357 1285 1604 1372; x_wconf 91' lang='lat' dir='ltr'><strong>immunitates</strong></span> <span class='ocrx_word' id='word_1_39' title='bbox 1619 1283 1867 1375; x_wconf 85' lang='lat' dir='ltr'><strong>ecclesiarum</strong></span> <span class='ocrx_word' id='word_1_40' title='bbox 1882 1285 2076 1374; x_wconf 87' lang='lat' dir='ltr'><strong>cathedra·</strong></span> 
     </span>
     <span class='ocr_line' id='line_1_6' title="bbox 443 1401 2076 1523; baseline -0.003 -28"><span class='ocrx_word' id='word_1_41' title='bbox 443 1409 549 1511; x_wconf 91' lang='lat' dir='ltr'><strong>lium,</strong></span> <span class='ocrx_word' id='word_1_42' title='bbox 581 1420 617 1491; x_wconf 89' lang='lat' dir='ltr'><strong>et</strong></span> <span class='ocrx_word' id='word_1_43' title='bbox 647 1402 952 1523; x_wconf 83' lang='lat' dir='ltr'><strong>collegiatarum,</strong></span> <span class='ocrx_word' id='word_1_44' title='bbox 983 1401 1301 1507; x_wconf 88' lang='lat' dir='ltr'><strong>conventualium,</strong></span> <span class='ocrx_word' id='word_1_45' title='bbox 1333 1401 1696 1520; x_wconf 91' lang='lat' dir='ltr'><strong>parochialiumque,</strong></span> <span class='ocrx_word' id='word_1_46' title='bbox 1728 1406 1765 1489; x_wconf 92' lang='lat' dir='ltr'><strong>in</strong></span> <span class='ocrx_word' id='word_1_47' title='bbox 1794 1405 1905 1490; x_wconf 91' lang='lat' dir='ltr'><strong>terris</strong></span> <span class='ocrx_word' id='word_1_48' title='bbox 1937 1406 2076 1492; x_wconf 90' lang='lat' dir='ltr'><strong>nostris</strong></span> 
     </span>
     <span class='ocr_line' id='line_1_7' title="bbox 443 1518 2077 1639; baseline -0.001 -28"><span class='ocrx_word' id='word_1_49' title='bbox 443 1523 509 1612; x_wconf 86' lang='lat' dir='ltr'><strong>llla</strong></span> <span class='ocrx_word' id='word_1_50' title='bbox 565 1525 576 1611; x_wconf 95' lang='lat' dir='ltr'><strong>i</strong></span> <span class='ocrx_word' id='word_1_51' title='bbox 606 1523 779 1610; x_wconf 85' lang='lat' dir='ltr'><strong>Ducatue</strong></span> <span class='ocrx_word' id='word_1_52' title='bbox 809 1520 1025 1623; x_wconf 88' lang='lat' dir='ltr'><strong>Lithvanie,</strong></span> <span class='ocrx_word' id='word_1_53' title='bbox 1054 1518 1214 1622; x_wconf 84' lang='lat' dir='ltr'><strong>Bossia,</strong></span> <span class='ocrx_word' id='word_1_54' title='bbox 1246 1519 1479 1639; x_wconf 86' lang='lat' dir='ltr'><strong>Semcgitbie</strong></span> <span class='ocrx_word' id='word_1_55' title='bbox 1510 1534 1719 1608; x_wconf 87' lang='lat' dir='ltr'><strong>erectarum</strong></span> <span class='ocrx_word' id='word_1_56' title='bbox 1745 1536 1782 1608; x_wconf 87' lang='lat' dir='ltr'><strong>et</strong></span> <span class='ocrx_word' id='word_1_57' title='bbox 1801 1520 2077 1638; x_wconf 81' lang='lat' dir='ltr'><strong>erigendarum,</strong></span> 
     </span>
     <span class='ocr_line' id='line_1_8' title="bbox 442 1636 2079 1744; baseline -0.002 -15"><span class='ocrx_word' id='word_1_58' title='bbox 442 1645 681 1730; x_wconf 83' lang='lat' dir='ltr'><strong>iunctarum</strong></span> <span class='ocrx_word' id='word_1_59' title='bbox 710 1655 748 1726; x_wconf 90' lang='lat' dir='ltr'><strong>et</strong></span> <span class='ocrx_word' id='word_1_60' title='bbox 776 1637 1071 1741; x_wconf 90' lang='lat' dir='ltr'><strong>lundendarum,</strong></span> <span class='ocrx_word' id='word_1_61' title='bbox 1101 1636 1274 1724; x_wconf 90' lang='lat' dir='ltr'><strong>volumus</strong></span> <span class='ocrx_word' id='word_1_62' title='bbox 1304 1637 1432 1724; x_wconf 90' lang='lat' dir='ltr'><strong>illesas</strong></span> <span class='ocrx_word' id='word_1_63' title='bbox 1463 1653 1500 1724; x_wconf 93' lang='lat' dir='ltr'><strong>et</strong></span> <span class='ocrx_word' id='word_1_64' title='bbox 1528 1637 1726 1728; x_wconf 80' lang='lat' dir='ltr'><strong>inviolatas</strong></span> <span class='ocrx_word' id='word_1_65' title='bbox 1757 1665 1989 1726; x_wconf 81' lang='lat' dir='ltr'><strong>conservare</strong></span> <span class='ocrx_word' id='word_1_66' title='bbox 1998 1685 2014 1744; x_wconf 92' lang='lat'><strong>,·</strong></span> <span class='ocrx_word' id='word_1_67' title='bbox 2041 1654 2079 1726; x_wconf 86' lang='lat' dir='ltr'><strong>et</strong></span> 
     </span>
     <span class='ocr_line' id='line_1_9' title="bbox 444 1751 2076 1875; baseline -0.002 -29"><span class='ocrx_word' id='word_1_68' title='bbox 444 1761 557 1864; x_wconf 88' lang='lat' dir='ltr'><strong>tueri,</strong></span> <span class='ocrx_word' id='word_1_69' title='bbox 588 1787 637 1844; x_wconf 92' lang='lat' dir='ltr'><strong>ac</strong></span> <span class='ocrx_word' id='word_1_70' title='bbox 655 1771 862 1875; x_wconf 85' lang='lat' dir='ltr'><strong>protegere</strong></span> <span class='ocrx_word' id='word_1_71' title='bbox 890 1751 990 1841; x_wconf 84' lang='lat' dir='ltr'><strong>iuxta</strong></span> <span class='ocrx_word' id='word_1_72' title='bbox 1020 1768 1191 1839; x_wconf 91' lang='lat' dir='ltr'><strong>nostram</strong></span> <span class='ocrx_word' id='word_1_73' title='bbox 1221 1754 1474 1842; x_wconf 91' lang='lat' dir='ltr'><strong>omnimodam</strong></span> <span class='ocrx_word' id='word_1_74' title='bbox 1504 1767 1740 1870; x_wconf 89' lang='lat' dir='ltr'><strong>potestatem.</strong></span> <span class='ocrx_word' id='word_1_75' title='bbox 1794 1755 1906 1868; x_wconf 82' lang='lat' dir='ltr'><strong>Ques</strong></span> <span class='ocrx_word' id='word_1_76' title='bbox 1926 1753 2076 1874; x_wconf 88' lang='lat' dir='ltr'><strong>quidem</strong></span> 
     </span>
     <span class='ocr_line' id='line_1_10' title="bbox 443 1869 2078 1989; baseline -0.004 -25"><span class='ocrx_word' id='word_1_77' title='bbox 443 1877 627 1965; x_wconf 90' lang='lat' dir='ltr'><strong>ecclesias</strong></span> <span class='ocrx_word' id='word_1_78' title='bbox 659 1873 918 1976; x_wconf 87' lang='lat' dir='ltr'><strong>cathedrales,</strong></span> <span class='ocrx_word' id='word_1_79' title='bbox 961 1870 1203 1987; x_wconf 89' lang='lat' dir='ltr'><strong>collegiatas,</strong></span> <span class='ocrx_word' id='word_1_80' title='bbox 1245 1869 1515 1961; x_wconf 87' lang='lat' dir='ltr'><strong>conventuales</strong></span> <span class='ocrx_word' id='word_1_81' title='bbox 1550 1883 1587 1955; x_wconf 92' lang='lat' dir='ltr'><strong>et</strong></span> <span class='ocrx_word' id='word_1_82' title='bbox 1618 1872 1877 1988; x_wconf 84' lang='lat' dir='ltr'><strong>parochiales,</strong></span> <span class='ocrx_word' id='word_1_83' title='bbox 1909 1889 2078 1989; x_wconf 92' lang='lat' dir='ltr'><strong>tempore</strong></span> 
     </span>
     <span class='ocr_line' id='line_1_11' title="bbox 443 1987 2075 2110; baseline -0.002 -30"><span class='ocrx_word' id='word_1_84' title='bbox 443 1994 670 2110; x_wconf 88' lang='lat' dir='ltr'><strong>medio,per</strong></span> <span class='ocrx_word' id='word_1_85' title='bbox 690 2005 847 2078; x_wconf 89' lang='lat' dir='ltr'><strong>mortem</strong></span> <span class='ocrx_word' id='word_1_86' title='bbox 870 1990 927 2076; x_wconf 90' lang='lat' dir='ltr'><strong>vel</strong></span> <span class='ocrx_word' id='word_1_87' title='bbox 949 1988 1251 2105; x_wconf 88' lang='lat' dir='ltr'><strong>resignacionem</strong></span> <span class='ocrx_word' id='word_1_88' title='bbox 1272 1987 1304 2073; x_wconf 91' lang='lat' dir='ltr'><strong>si</strong></span> <span class='ocrx_word' id='word_1_89' title='bbox 1319 2015 1461 2076; x_wconf 90' lang='lat' dir='ltr'><strong>vacare</strong></span> <span class='ocrx_word' id='word_1_90' title='bbox 1481 1989 1690 2107; x_wconf 86' lang='lat' dir='ltr'><strong>contigerit,</strong></span> <span class='ocrx_word' id='word_1_91' title='bbox 1712 2006 1748 2077; x_wconf 90' lang='lat' dir='ltr'><strong>et</strong></span> <span class='ocrx_word' id='word_1_92' title='bbox 1763 2003 1918 2106; x_wconf 88' lang='lat' dir='ltr'><strong>pastore</strong></span> <span class='ocrx_word' id='word_1_93' title='bbox 1934 2015 2075 2095; x_wconf 86' lang='lat' dir='ltr'><strong>cerere,</strong></span> 
     </span>
     <span class='ocr_line' id='line_1_12' title="bbox 444 2104 2077 2231; baseline -0.003 -34"><span class='ocrx_word' id='word_1_94' title='bbox 444 2139 603 2231; x_wconf 90' lang='lat' dir='ltr'><strong>quarum</strong></span> <span class='ocrx_word' id='word_1_95' title='bbox 627 2110 692 2225; x_wconf 79' lang='lat' dir='ltr'><strong>jus</strong></span> <span class='ocrx_word' id='word_1_96' title='bbox 723 2121 944 2225; x_wconf 91' lang='lat' dir='ltr'><strong>patronatus</strong></span> <span class='ocrx_word' id='word_1_97' title='bbox 974 2104 1025 2192; x_wconf 90' lang='lat' dir='ltr'><strong>ad</strong></span> <span class='ocrx_word' id='word_1_98' title='bbox 1056 2131 1127 2191; x_wconf 90' lang='lat' dir='ltr'><strong>nos</strong></span> <span class='ocrx_word' id='word_1_99' title='bbox 1159 2119 1197 2192; x_wconf 88' lang='lat' dir='ltr'><strong>et</strong></span> <span class='ocrx_word' id='word_1_100' title='bbox 1221 2133 1470 2193; x_wconf 85' lang='lat' dir='ltr'><strong>successores</strong></span> <span class='ocrx_word' id='word_1_101' title='bbox 1490 2118 1650 2195; x_wconf 90' lang='lat' dir='ltr'><strong>nostros·</strong></span> <span class='ocrx_word' id='word_1_102' title='bbox 1666 2104 1872 2193; x_wconf 88' lang='lat' dir='ltr'><strong>dinoscitur</strong></span> <span class='ocrx_word' id='word_1_103' title='bbox 1892 2107 2077 2225; x_wconf 88' lang='lat' dir='ltr'><strong>pertinere</strong></span> 
     </span>
     <span class='ocr_line' id='line_1_13' title="bbox 444 2217 2189 2346; baseline -0.003 -34"><span class='ocrx_word' id='word_1_104' title='bbox 444 2229 556 2346; x_wconf 90' lang='lat' dir='ltr'><strong>pleno</strong></span> <span class='ocrx_word' id='word_1_105' title='bbox 587 2229 686 2333; x_wconf 90' lang='lat' dir='ltr'><strong>iure;</strong></span> <span class='ocrx_word' id='word_1_106' title='bbox 718 2238 806 2313; x_wconf 90' lang='lat' dir='ltr'><strong>tunc</strong></span> <span class='ocrx_word' id='word_1_107' title='bbox 827 2225 917 2341; x_wconf 93' lang='lat' dir='ltr'><strong>ipsis</strong></span> <span class='ocrx_word' id='word_1_108' title='bbox 938 2222 988 2309; x_wconf 89' lang='lat' dir='ltr'><strong>de</strong></span> <span class='ocrx_word' id='word_1_109' title='bbox 1008 2222 1082 2308; x_wconf 92' lang='lat' dir='ltr'><strong>alio</strong></span> <span class='ocrx_word' id='word_1_110' title='bbox 1102 2217 1161 2308; x_wconf 93' lang='lat' dir='ltr'><strong>vel</strong></span> <span class='ocrx_word' id='word_1_111' title='bbox 1185 2223 1268 2340; x_wconf 87' lang='lat' dir='ltr'><strong>elijs</strong></span> <span class='ocrx_word' id='word_1_112' title='bbox 1299 2237 1456 2341; x_wconf 89' lang='lat' dir='ltr'><strong>pastore</strong></span> <span class='ocrx_word' id='word_1_113' title='bbox 1486 2222 1546 2310; x_wconf 89' lang='lat' dir='ltr'><strong>vel</strong></span> <span class='ocrx_word' id='word_1_114' title='bbox 1604 2225 1793 2312; x_wconf 86' lang='lat' dir='ltr'><strong>asturibus</strong></span> <span class='ocrx_word' id='word_1_115' title='bbox 1823 2223 2076 2341; x_wconf 86' lang='lat' dir='ltr'><strong>providentes,</strong></span> <span class='ocrx_word' id='word_1_116' title='bbox 2184 2299 2189 2306; x_wconf 87' lang='lat'>.</span> 
     </span>
     <span class='ocr_line' id='line_1_14' title="bbox 442 2253 2079 2459; baseline -0.004 -26"><span class='ocrx_word' id='word_1_117' title='bbox 442 2375 518 2433; x_wconf 94' lang='lat' dir='ltr'><strong>non</strong></span> <span class='ocrx_word' id='word_1_118' title='bbox 539 2345 650 2436; x_wconf 91' lang='lat' dir='ltr'><strong>alium</strong></span> <span class='ocrx_word' id='word_1_119' title='bbox 672 2341 732 2431; x_wconf 92' lang='lat' dir='ltr'><strong>vel</strong></span> <span class='ocrx_word' id='word_1_120' title='bbox 753 2343 848 2429; x_wconf 92' lang='lat' dir='ltr'><strong>alios</strong></span> <span class='ocrx_word' id='word_1_121' title='bbox 868 2353 1090 2459; x_wconf 91' lang='lat' dir='ltr'><strong>presentare</strong></span> <span class='ocrx_word' id='word_1_122' title='bbox 1111 2339 1313 2446; x_wconf 92' lang='lat' dir='ltr'><strong>debemus,</strong></span> <span class='ocrx_word' id='word_1_123' title='bbox 1338 2341 1410 2428; x_wconf 86' lang='lat' dir='ltr'><strong>nisi</strong></span> <span class='ocrx_word' id='word_1_124' title='bbox 1430 2253 1723 2458; x_wconf 88' lang='lat' dir='ltr'><strong>lllagnidbcatus</strong></span> <span class='ocrx_word' id='word_1_125' title='bbox 1744 2344 1861 2430; x_wconf 88' lang='lat' dir='ltr'><strong>nostri</strong></span> <span class='ocrx_word' id='word_1_126' title='bbox 1881 2340 2079 2429; x_wconf 82' lang='lat' dir='ltr'><strong>lithvanie</strong></span> 
     </span>
     <span class='ocr_line' id='line_1_15' title="bbox 443 2459 2078 2581; baseline -0.003 -31"><span class='ocrx_word' id='word_1_127' title='bbox 443 2462 678 2581; x_wconf 90' lang='lat' dir='ltr'><strong>indigenam,</strong></span> <span class='ocrx_word' id='word_1_128' title='bbox 738 2462 773 2547; x_wconf 92' lang='lat' dir='ltr'><strong>ui</strong></span> <span class='ocrx_word' id='word_1_129' title='bbox 795 2459 953 2547; x_wconf 90' lang='lat' dir='ltr'><strong>idoneus</strong></span> <span class='ocrx_word' id='word_1_130' title='bbox 974 2459 1083 2544; x_wconf 88' lang='lat' dir='ltr'><strong>luerit</strong></span> <span class='ocrx_word' id='word_1_131' title='bbox 1103 2470 1287 2576; x_wconf 88' lang='lat' dir='ltr'><strong>repertus.</strong></span> <span class='ocrx_word' id='word_1_132' title='bbox 1339 2459 1407 2544; x_wconf 89' lang='lat' dir='ltr'><strong>Sin</strong></span> <span class='ocrx_word' id='word_1_133' title='bbox 1434 2472 1574 2544; x_wconf 90' lang='lat' dir='ltr'><strong>autem:</strong></span> <span class='ocrx_word' id='word_1_134' title='bbox 1606 2474 1694 2546; x_wconf 91' lang='lat' dir='ltr'><strong>tuno</strong></span> <span class='ocrx_word' id='word_1_135' title='bbox 1725 2461 1877 2548; x_wconf 89' lang='lat' dir='ltr'><strong>alterius</strong></span> <span class='ocrx_word' id='word_1_136' title='bbox 1907 2459 2078 2548; x_wconf 87' lang='lat' dir='ltr'><strong>nacionis</strong></span> 
     </span>
     <span class='ocr_line' id='line_1_16' title="bbox 443 2491 2077 2697; baseline -0.003 -31"><span class='ocrx_word' id='word_1_137' title='bbox 443 2607 644 2697; x_wconf 91' lang='lat' dir='ltr'><strong>personam</strong></span> <span class='ocrx_word' id='word_1_138' title='bbox 675 2491 799 2664; x_wconf 89' lang='lat' dir='ltr'><strong>utilem</strong></span> <span class='ocrx_word' id='word_1_139' title='bbox 831 2591 869 2663; x_wconf 88' lang='lat' dir='ltr'><strong>et</strong></span> <span class='ocrx_word' id='word_1_140' title='bbox 889 2576 1101 2677; x_wconf 90' lang='lat' dir='ltr'><strong>honestem,</strong></span> <span class='ocrx_word' id='word_1_141' title='bbox 1142 2605 1216 2692; x_wconf 93' lang='lat' dir='ltr'><strong>que</strong></span> <span class='ocrx_word' id='word_1_142' title='bbox 1250 2589 1389 2691; x_wconf 43' lang='lat' dir='ltr'><strong>posset·</strong></span> <span class='ocrx_word' id='word_1_143' title='bbox 1413 2588 1571 2694; x_wconf 84' lang='lat' dir='ltr'><strong>preesse</strong></span> <span class='ocrx_word' id='word_1_144' title='bbox 1607 2591 1644 2662; x_wconf 87' lang='lat' dir='ltr'><strong>et</strong></span> <span class='ocrx_word' id='word_1_145' title='bbox 1674 2574 1882 2694; x_wconf 91' lang='lat' dir='ltr'><strong>prodesse,</strong></span> <span class='ocrx_word' id='word_1_146' title='bbox 1925 2576 2077 2690; x_wconf 78' lang='lat' dir='ltr'><strong>debebi-¹</strong></span> 
     </span>
     <span class='ocr_line' id='line_1_17' title="bbox 442 2688 2074 2811; baseline -0.002 -30"><span class='ocrx_word' id='word_1_147' title='bbox 442 2725 526 2781; x_wconf 90' lang='lat' dir='ltr'><strong>mus</strong></span> <span class='ocrx_word' id='word_1_148' title='bbox 556 2709 796 2809; x_wconf 88' lang='lat' dir='ltr'><strong>presentare,</strong></span> <span class='ocrx_word' id='word_1_149' title='bbox 826 2693 970 2779; x_wconf 93' lang='lat' dir='ltr'><strong>tociens</strong></span> <span class='ocrx_word' id='word_1_150' title='bbox 992 2693 1174 2810; x_wconf 90' lang='lat' dir='ltr'><strong>quociens</strong></span> <span class='ocrx_word' id='word_1_151' title='bbox 1196 2718 1293 2808; x_wconf 90' lang='lat' dir='ltr'><strong>opus</strong></span> <span class='ocrx_word' id='word_1_152' title='bbox 1314 2693 1421 2782; x_wconf 86' lang='lat' dir='ltr'><strong>luerit</strong></span> <span class='ocrx_word' id='word_1_153' title='bbox 1441 2708 1478 2782; x_wconf 87' lang='lat' dir='ltr'><strong>et</strong></span> <span class='ocrx_word' id='word_1_154' title='bbox 1498 2706 1731 2811; x_wconf 83' lang='lat' dir='ltr'><strong>oportunum.</strong></span> <span class='ocrx_word' id='word_1_155' title='bbox 1781 2693 1872 2782; x_wconf 89' lang='lat' dir='ltr'><strong>ltem</strong></span> <span class='ocrx_word' id='word_1_156' title='bbox 1919 2688 2074 2779; x_wconf 88' lang='lat' dir='ltr'><strong>redictis</strong></span> 
     </span>
     <span class='ocr_line' id='line_1_18' title="bbox 442 2721 2071 2926; baseline -0.001 -28"><span class='ocrx_word' id='word_1_157' title='bbox 442 2810 626 2914; x_wconf 88' lang='lat' dir='ltr'><strong>Prelatis,</strong></span> <span class='ocrx_word' id='word_1_158' title='bbox 665 2809 922 2926; x_wconf 91' lang='lat' dir='ltr'><strong>Principibus,</strong></span> <span class='ocrx_word' id='word_1_159' title='bbox 963 2808 1200 2914; x_wconf 86' lang='lat' dir='ltr'><strong>Beronibus,</strong></span> <span class='ocrx_word' id='word_1_160' title='bbox 1237 2806 1452 2913; x_wconf 89' lang='lat' dir='ltr'><strong>Nobilibus,</strong></span> <span class='ocrx_word' id='word_1_161' title='bbox 1481 2823 1526 2896; x_wconf 83' lang='lat' dir='ltr'><strong>et</strong></span> <span class='ocrx_word' id='word_1_162' title='bbox 1564 2810 1782 2900; x_wconf 83' lang='lat' dir='ltr'><strong>Civitatibus</strong></span> <span class='ocrx_word' id='word_1_163' title='bbox 1812 2721 2071 2926; x_wconf 84' lang='lat' dir='ltr'><strong>predictarum</strong></span> 
     </span>
     <span class='ocr_line' id='line_1_19' title="bbox 442 2918 2074 3046; baseline -0.004 -29"><span class='ocrx_word' id='word_1_164' title='bbox 442 2946 626 3017; x_wconf 88' lang='lat' dir='ltr'><strong>terrarum</strong></span> <span class='ocrx_word' id='word_1_165' title='bbox 646 2923 942 3046; x_wconf 86' lang='lat' dir='ltr'><strong>lllagniducatus</strong></span> <span class='ocrx_word' id='word_1_166' title='bbox 962 2924 1174 3032; x_wconf 88' lang='lat' dir='ltr'><strong>Lithvanie,</strong></span> <span class='ocrx_word' id='word_1_167' title='bbox 1205 2926 1366 3034; x_wconf 80' lang='lat' dir='ltr'><strong>Bossia,</strong></span> <span class='ocrx_word' id='word_1_168' title='bbox 1398 2928 1650 3046; x_wconf 88' lang='lat' dir='ltr'><strong>Semcgitbio,</strong></span> <span class='ocrx_word' id='word_1_169' title='bbox 1680 2924 1872 3030; x_wconf 89' lang='lat' dir='ltr'><strong>dedimus,</strong></span> <span class='ocrx_word' id='word_1_170' title='bbox 1898 2925 2000 3044; x_wconf 93' lang='lat' dir='ltr'><strong>quod</strong></span> <span class='ocrx_word' id='word_1_171' title='bbox 2023 2918 2074 3012; x_wconf 86' lang='lat' dir='ltr'><strong>ad</strong></span> 
     </span>
     <span class='ocr_line' id='line_1_20' title="bbox 441 3041 2076 3164; baseline -0.002 -30"><span class='ocrx_word' id='word_1_172' title='bbox 441 3047 575 3134; x_wconf 92' lang='lat' dir='ltr'><strong>nullius</strong></span> <span class='ocrx_word' id='word_1_173' title='bbox 606 3041 765 3132; x_wconf 88' lang='lat' dir='ltr'><strong>hominis</strong></span> <span class='ocrx_word' id='word_1_174' title='bbox 797 3045 1030 3131; x_wconf 89' lang='lat' dir='ltr'><strong>delacioncm</strong></span> <span class='ocrx_word' id='word_1_175' title='bbox 1062 3044 1143 3131; x_wconf 88' lang='lat' dir='ltr'><strong>sive</strong></span> <span class='ocrx_word' id='word_1_176' title='bbox 1169 3045 1459 3132; x_wconf 91' lang='lat' dir='ltr'><strong>accusacionem</strong></span> <span class='ocrx_word' id='word_1_177' title='bbox 1482 3044 1668 3164; x_wconf 89' lang='lat' dir='ltr'><strong>publicam</strong></span> <span class='ocrx_word' id='word_1_178' title='bbox 1688 3042 1749 3158; x_wconf 85' lang='lat' dir='ltr'><strong>vel</strong></span> <span class='ocrx_word' id='word_1_179' title='bbox 1770 3042 2076 3150; x_wconf 66' lang='lat' dir='ltr'><strong>occultem-seo</strong></span> 
     </span>
     <span class='ocr_line' id='line_1_21' title="bbox 443 3159 2076 3282; baseline -0.001 -34"><span class='ocrx_word' id='word_1_180' title='bbox 443 3166 614 3282; x_wconf 88' lang='lat' dir='ltr'><strong>quamvis</strong></span> <span class='ocrx_word' id='word_1_181' title='bbox 634 3164 886 3279; x_wconf 89' lang='lat' dir='ltr'><strong>suspicionem</strong></span> <span class='ocrx_word' id='word_1_182' title='bbox 908 3163 1106 3269; x_wconf 78' lang='lat' dir='ltr'><strong>sinistram,</strong></span> <span class='ocrx_word' id='word_1_183' title='bbox 1127 3163 1232 3277; x_wconf 89' lang='lat' dir='ltr'><strong>ipsos</strong></span> <span class='ocrx_word' id='word_1_184' title='bbox 1255 3162 1468 3279; x_wconf 88' lang='lat' dir='ltr'><strong>Principes,</strong></span> <span class='ocrx_word' id='word_1_185' title='bbox 1500 3163 1689 3268; x_wconf 91' lang='lat' dir='ltr'><strong>Berones,</strong></span> <span class='ocrx_word' id='word_1_186' title='bbox 1710 3159 1880 3270; x_wconf 90' lang='lat' dir='ltr'><strong>Nobiles,</strong></span> <span class='ocrx_word' id='word_1_187' title='bbox 1905 3175 1942 3248; x_wconf 88' lang='lat' dir='ltr'><strong>et</strong></span> <span class='ocrx_word' id='word_1_188' title='bbox 1963 3162 2076 3248; x_wconf 87' lang='lat' dir='ltr'><strong>Cives</strong></span> 
     </span>
     <span class='ocr_line' id='line_1_22' title="bbox 443 3276 2074 3399; baseline -0.001 -33"><span class='ocrx_word' id='word_1_189' title='bbox 443 3282 633 3397; x_wconf 85' lang='lat' dir='ltr'><strong>castigare</strong></span> <span class='ocrx_word' id='word_1_190' title='bbox 657 3279 830 3367; x_wconf 91' lang='lat' dir='ltr'><strong>volumus</strong></span> <span class='ocrx_word' id='word_1_191' title='bbox 851 3311 919 3367; x_wconf 91' lang='lat' dir='ltr'><strong>sau</strong></span> <span class='ocrx_word' id='word_1_192' title='bbox 940 3280 1071 3396; x_wconf 86' lang='lat' dir='ltr'><strong>punire</strong></span> <span class='ocrx_word' id='word_1_193' title='bbox 1093 3307 1329 3398; x_wconf 88' lang='lat' dir='ltr'><strong>quacumque</strong></span> <span class='ocrx_word' id='word_1_194' title='bbox 1349 3307 1468 3399; x_wconf 89' lang='lat' dir='ltr'><strong>pene,</strong></span> <span class='ocrx_word' id='word_1_195' title='bbox 1500 3276 1643 3368; x_wconf 89' lang='lat' dir='ltr'><strong>scilicet</strong></span> <span class='ocrx_word' id='word_1_196' title='bbox 1662 3278 1847 3369; x_wconf 89' lang='lat' dir='ltr'><strong>bonomm</strong></span> <span class='ocrx_word' id='word_1_197' title='bbox 1867 3279 2074 3383; x_wconf 80' lang='lat' dir='ltr'><strong>oblacione,¹</strong></span> 
     </span>
     <span class='ocr_line' id='line_1_23' title="bbox 442 3395 2075 3517; baseline -0.001 -35"><span class='ocrx_word' id='word_1_198' title='bbox 442 3398 677 3513; x_wconf 90' lang='lat' dir='ltr'><strong>pecuniaria,</strong></span> <span class='ocrx_word' id='word_1_199' title='bbox 709 3398 894 3498; x_wconf 85' lang='lat' dir='ltr'><strong>carceris,</strong></span> <span class='ocrx_word' id='word_1_200' title='bbox 925 3411 991 3483; x_wconf 89' lang='lat' dir='ltr'><strong>aut</strong></span> <span class='ocrx_word' id='word_1_201' title='bbox 1020 3399 1236 3516; x_wconf 88' lang='lat' dir='ltr'><strong>sanguinis:</strong></span> <span class='ocrx_word' id='word_1_202' title='bbox 1266 3400 1335 3485; x_wconf 93' lang='lat' dir='ltr'><strong>nisi</strong></span> <span class='ocrx_word' id='word_1_203' title='bbox 1366 3400 1471 3517; x_wconf 88' lang='lat' dir='ltr'><strong>prius</strong></span> <span class='ocrx_word' id='word_1_204' title='bbox 1500 3399 1537 3485; x_wconf 94' lang='lat' dir='ltr'><strong>in</strong></span> <span class='ocrx_word' id='word_1_205' title='bbox 1568 3397 1705 3484; x_wconf 89' lang='lat' dir='ltr'><strong>iudicio</strong></span> <span class='ocrx_word' id='word_1_206' title='bbox 1737 3399 1954 3502; x_wconf 90' lang='lat' dir='ltr'><strong>manilesto,</strong></span> <span class='ocrx_word' id='word_1_207' title='bbox 1986 3395 2075 3482; x_wconf 87' lang='lat' dir='ltr'><strong>iuris</strong></span> 
     </span>
     <span class='ocr_line' id='line_1_24' title="bbox 443 3514 2077 3634; baseline -0.002 -33"><span class='ocrx_word' id='word_1_208' title='bbox 443 3514 576 3601; x_wconf 88' lang='lat' dir='ltr'><strong>ordine</strong></span> <span class='ocrx_word' id='word_1_209' title='bbox 597 3514 782 3602; x_wconf 89' lang='lat' dir='ltr'><strong>catholico</strong></span> <span class='ocrx_word' id='word_1_210' title='bbox 804 3516 1027 3619; x_wconf 87' lang='lat' dir='ltr'><strong>observato,</strong></span> <span class='ocrx_word' id='word_1_211' title='bbox 1058 3531 1189 3624; x_wconf 87' lang='lat' dir='ltr'><strong>actore</strong></span> <span class='ocrx_word' id='word_1_212' title='bbox 1220 3531 1257 3604; x_wconf 89' lang='lat' dir='ltr'><strong>et</strong></span> <span class='ocrx_word' id='word_1_213' title='bbox 1288 3545 1355 3604; x_wconf 91' lang='lat' dir='ltr'><strong>rac</strong></span> <span class='ocrx_word' id='word_1_214' title='bbox 1386 3517 1635 3634; x_wconf 87' lang='lat' dir='ltr'><strong>personaliter</strong></span> <span class='ocrx_word' id='word_1_215' title='bbox 1665 3517 1895 3618; x_wconf 89' lang='lat' dir='ltr'><strong>constitutis,</strong></span> <span class='ocrx_word' id='word_1_216' title='bbox 1925 3514 2077 3602; x_wconf 85' lang='lat' dir='ltr'><strong>realiter</strong></span> 
     </span>
     <span class='ocr_line' id='line_1_25' title="bbox 442 3628 2143 3749; baseline 0.004 -32"><span class='ocrx_word' id='word_1_217' title='bbox 442 3628 576 3717; x_wconf 86' lang='lat' dir='ltr'><strong>luerint</strong></span> <span class='ocrx_word' id='word_1_218' title='bbox 596 3633 776 3719; x_wconf 88' lang='lat' dir='ltr'><strong>convicti:</strong></span> <span class='ocrx_word' id='word_1_219' title='bbox 802 3633 863 3749; x_wconf 90' lang='lat' dir='ltr'><strong>qni</strong></span> <span class='ocrx_word' id='word_1_220' title='bbox 884 3647 972 3747; x_wconf 89' lang='lat' dir='ltr'><strong>post</strong></span> <span class='ocrx_word' id='word_1_221' title='bbox 992 3629 1166 3720; x_wconf 87' lang='lat' dir='ltr'><strong>iudicium</strong></span> <span class='ocrx_word' id='word_1_222' title='bbox 1187 3649 1224 3720; x_wconf 89' lang='lat' dir='ltr'><strong>et</strong></span> <span class='ocrx_word' id='word_1_223' title='bbox 1244 3633 1526 3720; x_wconf 89' lang='lat' dir='ltr'><strong>conviccionem</strong></span> <span class='ocrx_word' id='word_1_224' title='bbox 1546 3632 1768 3740; x_wconf 91' lang='lat' dir='ltr'><strong>huiusmodi,</strong></span> <span class='ocrx_word' id='word_1_225' title='bbox 1790 3637 1891 3720; x_wconf 84' lang='lat' dir='ltr'><strong>iuxta</strong></span> <span class='ocrx_word' id='word_1_226' title='bbox 1912 3659 2075 3720; x_wconf 61' lang='lat' dir='ltr'><strong>consue*</strong></span> <span class='ocrx_word' id='word_1_227' title='bbox 2140 3717 2143 3724; x_wconf 85' lang='lat'><em>.</em></span> 
     </span>
     <span class='ocr_line' id='line_1_26' title="bbox 328 3747 2073 3871; baseline -0.001 -38"><span class='ocrx_word' id='word_1_228' title='bbox 328 3747 331 3754; x_wconf 79' lang='grc'><strong>’</strong></span> <span class='ocrx_word' id='word_1_229' title='bbox 442 3747 607 3834; x_wconf 90' lang='lat' dir='ltr'><strong>tudinem</strong></span> <span class='ocrx_word' id='word_1_230' title='bbox 638 3760 675 3833; x_wconf 89' lang='lat' dir='ltr'><strong>et</strong></span> <span class='ocrx_word' id='word_1_231' title='bbox 695 3750 792 3853; x_wconf 89' lang='lat' dir='ltr'><strong>iura,</strong></span> <span class='ocrx_word' id='word_1_232' title='bbox 824 3749 919 3836; x_wconf 91' lang='lat' dir='ltr'><strong>sicut</strong></span> <span class='ocrx_word' id='word_1_233' title='bbox 948 3751 985 3834; x_wconf 93' lang='lat' dir='ltr'><strong>in</strong></span> <span class='ocrx_word' id='word_1_234' title='bbox 1016 3748 1159 3869; x_wconf 89' lang='lat' dir='ltr'><strong>Regno</strong></span> <span class='ocrx_word' id='word_1_235' title='bbox 1189 3749 1368 3858; x_wconf 88' lang='lat' dir='ltr'><strong>Polonie,</strong></span> <span class='ocrx_word' id='word_1_236' title='bbox 1400 3747 1538 3838; x_wconf 91' lang='lat' dir='ltr'><strong>debent</strong></span> <span class='ocrx_word' id='word_1_237' title='bbox 1570 3752 1756 3871; x_wconf 88' lang='lat' dir='ltr'><strong>castigari·</strong></span> <span class='ocrx_word' id='word_1_238' title='bbox 1781 3765 1819 3838; x_wconf 85' lang='lat' dir='ltr'><strong>et</strong></span> <span class='ocrx_word' id='word_1_239' title='bbox 1838 3749 2073 3863; x_wconf 87' lang='lat' dir='ltr'><strong>sentenciarj,</strong></span> 
     </span>
     <span class='ocr_line' id='line_1_27' title="bbox 443 3861 2074 3986; baseline -0.002 -33"><span class='ocrx_word' id='word_1_240' title='bbox 443 3861 649 3953; x_wconf 88' lang='lat' dir='ltr'><strong>secundum</strong></span> <span class='ocrx_word' id='word_1_241' title='bbox 680 3893 835 3951; x_wconf 92' lang='lat' dir='ltr'><strong>suorum</strong></span> <span class='ocrx_word' id='word_1_242' title='bbox 866 3893 1090 3952; x_wconf 81' lang='lat' dir='ltr'><strong>excessuum</strong></span> <span class='ocrx_word' id='word_1_243' title='bbox 1122 3868 1336 3986; x_wconf 90' lang='lat' dir='ltr'><strong>qualitatem</strong></span> <span class='ocrx_word' id='word_1_244' title='bbox 1368 3883 1405 3954; x_wconf 90' lang='lat' dir='ltr'><strong>et</strong></span> <span class='ocrx_word' id='word_1_245' title='bbox 1431 3869 1684 3985; x_wconf 88' lang='lat' dir='ltr'><strong>quantitatem.</strong></span> <span class='ocrx_word' id='word_1_246' title='bbox 1746 3867 1838 3956; x_wconf 86' lang='lat' dir='ltr'><strong>ltem</strong></span> <span class='ocrx_word' id='word_1_247' title='bbox 1869 3865 1971 3984; x_wconf 91' lang='lat' dir='ltr'><strong>quod</strong></span> <span class='ocrx_word' id='word_1_248' title='bbox 2002 3889 2074 3980; x_wconf 93' lang='lat' dir='ltr'><strong>pro</strong></span> 
     </span>
     <span class='ocr_line' id='line_1_28' title="bbox 444 3979 2075 4106; baseline -0.002 -37"><span class='ocrx_word' id='word_1_249' title='bbox 444 3984 596 4070; x_wconf 88' lang='lat' dir='ltr'><strong>crimine</strong></span> <span class='ocrx_word' id='word_1_250' title='bbox 617 3982 845 4101; x_wconf 88' lang='lat' dir='ltr'><strong>cuiuspiam,</strong></span> <span class='ocrx_word' id='word_1_251' title='bbox 881 3979 1003 4068; x_wconf 90' lang='lat' dir='ltr'><strong>nullus</strong></span> <span class='ocrx_word' id='word_1_252' title='bbox 1027 3981 1141 4088; x_wconf 90' lang='lat' dir='ltr'><strong>alius,</strong></span> <span class='ocrx_word' id='word_1_253' title='bbox 1176 3987 1246 4071; x_wconf 92' lang='lat' dir='ltr'><strong>nisi</strong></span> <span class='ocrx_word' id='word_1_254' title='bbox 1277 3988 1329 4090; x_wconf 91' lang='lat' dir='ltr'><strong>is,</strong></span> <span class='ocrx_word' id='word_1_255' title='bbox 1366 3988 1428 4106; x_wconf 92' lang='lat' dir='ltr'><strong>qui</strong></span> <span class='ocrx_word' id='word_1_256' title='bbox 1458 3987 1632 4104; x_wconf 88' lang='lat' dir='ltr'><strong>peccavit</strong></span> <span class='ocrx_word' id='word_1_257' title='bbox 1661 4000 1698 4073; x_wconf 88' lang='lat' dir='ltr'><strong>et</strong></span> <span class='ocrx_word' id='word_1_258' title='bbox 1718 3981 1885 4102; x_wconf 86' lang='lat' dir='ltr'><strong>deliquit:</strong></span> <span class='ocrx_word' id='word_1_259' title='bbox 1921 4003 2075 4098; x_wconf 85' lang='lat' dir='ltr'><strong>semper</strong></span> 
     </span>
     <span class='ocr_line' id='line_1_29' title="bbox 442 4096 2074 4200; baseline -0.001 -13"><span class='ocrx_word' id='word_1_260' title='bbox 442 4114 565 4187; x_wconf 88' lang='lat' dir='ltr'><strong>tamen</strong></span> <span class='ocrx_word' id='word_1_261' title='bbox 587 4099 676 4186; x_wconf 90' lang='lat' dir='ltr'><strong>iuris</strong></span> <span class='ocrx_word' id='word_1_262' title='bbox 698 4099 871 4188; x_wconf 88' lang='lat' dir='ltr'><strong>catholici</strong></span> <span class='ocrx_word' id='word_1_263' title='bbox 892 4097 1024 4186; x_wconf 91' lang='lat' dir='ltr'><strong>ordine</strong></span> <span class='ocrx_word' id='word_1_264' title='bbox 1045 4096 1269 4189; x_wconf 87' lang='lat' dir='ltr'><strong>observato:</strong></span> <span class='ocrx_word' id='word_1_265' title='bbox 1296 4105 1492 4194; x_wconf 89' lang='lat' dir='ltr'><strong>convictus</strong></span> <span class='ocrx_word' id='word_1_266' title='bbox 1512 4101 1730 4190; x_wconf 87' lang='lat' dir='ltr'><strong>iudicialiter</strong></span> <span class='ocrx_word' id='word_1_267' title='bbox 1747 4114 1788 4188; x_wconf 84' lang='lat' dir='ltr'><strong>et</strong></span> <span class='ocrx_word' id='word_1_268' title='bbox 1806 4101 2074 4200; x_wconf 83' lang='lat' dir='ltr'><strong>sentenciattm,</strong></span> 
     </span>
     <span class='ocr_line' id='line_1_30' title="bbox 444 4216 2074 4337; baseline 0.001 -38"><span class='ocrx_word' id='word_1_269' title='bbox 444 4217 633 4332; x_wconf 84' lang='lat' dir='ltr'><strong>puniatur3</strong></span> <span class='ocrx_word' id='word_1_270' title='bbox 664 4219 715 4303; x_wconf 91' lang='lat' dir='ltr'><strong>ita</strong></span> <span class='ocrx_word' id='word_1_271' title='bbox 734 4217 924 4305; x_wconf 91' lang='lat' dir='ltr'><strong>videlicet:</strong></span> <span class='ocrx_word' id='word_1_272' title='bbox 946 4216 1048 4334; x_wconf 92' lang='lat' dir='ltr'><strong>quod</strong></span> <span class='ocrx_word' id='word_1_273' title='bbox 1069 4247 1141 4305; x_wconf 89' lang='lat' dir='ltr'><strong>nec</strong></span> <span class='ocrx_word' id='word_1_274' title='bbox 1160 4249 1258 4307; x_wconf 86' lang='lat' dir='ltr'><strong>uxor</strong></span> <span class='ocrx_word' id='word_1_275' title='bbox 1278 4249 1347 4337; x_wconf 91' lang='lat' dir='ltr'><strong>pro</strong></span> <span class='ocrx_word' id='word_1_276' title='bbox 1368 4223 1520 4309; x_wconf 89' lang='lat' dir='ltr'><strong>crimine</strong></span> <span class='ocrx_word' id='word_1_277' title='bbox 1540 4222 1598 4309; x_wconf 90' lang='lat' dir='ltr'><strong>sui</strong></span> <span class='ocrx_word' id='word_1_278' title='bbox 1618 4221 1754 4324; x_wconf 92' lang='lat' dir='ltr'><strong>mariti,</strong></span> <span class='ocrx_word' id='word_1_279' title='bbox 1775 4247 1847 4307; x_wconf 92' lang='lat' dir='ltr'><strong>nec</strong></span> <span class='ocrx_word' id='word_1_280' title='bbox 1877 4232 1985 4336; x_wconf 89' lang='lat' dir='ltr'><strong>pater</strong></span> <span class='ocrx_word' id='word_1_281' title='bbox 2030 4243 2074 4300; x_wconf 93' lang='lat' dir='ltr'><strong>ro</strong></span> 
     </span>
     <span class='ocr_line' id='line_1_31' title="bbox 443 4245 2074 4474; baseline -0.002 -55"><span class='ocrx_word' id='word_1_282' title='bbox 443 4333 596 4419; x_wconf 92' lang='lat' dir='ltr'><strong>crimine</strong></span> <span class='ocrx_word' id='word_1_283' title='bbox 626 4332 708 4452; x_wconf 83' lang='lat' dir='ltr'><strong>filij:</strong></span> <span class='ocrx_word' id='word_1_284' title='bbox 750 4350 787 4422; x_wconf 92' lang='lat' dir='ltr'><strong>et</strong></span> <span class='ocrx_word' id='word_1_285' title='bbox 816 4369 838 4423; x_wconf 91' lang='lat' dir='ltr'><strong>e</strong></span> <span class='ocrx_word' id='word_1_286' title='bbox 869 4361 1076 4442; x_wconf 90' lang='lat' dir='ltr'><strong>converso,</strong></span> <span class='ocrx_word' id='word_1_287' title='bbox 1115 4366 1188 4423; x_wconf 92' lang='lat' dir='ltr'><strong>nec</strong></span> <span class='ocrx_word' id='word_1_288' title='bbox 1218 4337 1351 4474; x_wconf 90' lang='lat' dir='ltr'><strong>aliquis</strong></span> <span class='ocrx_word' id='word_1_289' title='bbox 1383 4353 1573 4458; x_wconf 88' lang='lat' dir='ltr'><strong>cognatus</strong></span> <span class='ocrx_word' id='word_1_290' title='bbox 1604 4353 1666 4425; x_wconf 88' lang='lat' dir='ltr'><strong>aut</strong></span> <span class='ocrx_word' id='word_1_291' title='bbox 1698 4362 1852 4425; x_wconf 89' lang='lat' dir='ltr'><strong>servus:</strong></span> <span class='ocrx_word' id='word_1_292' title='bbox 1888 4335 1957 4420; x_wconf 90' lang='lat' dir='ltr'><strong>nisl</strong></span> <span class='ocrx_word' id='word_1_293' title='bbox 1987 4245 2074 4426; x_wconf 76' lang='lat' dir='ltr'><strong>ditm</strong></span> 
     </span>
     <span class='ocr_line' id='line_1_32' title="bbox 443 4448 2075 4572; baseline -0.003 -34"><span class='ocrx_word' id='word_1_294' title='bbox 443 4450 526 4570; x_wconf 91' lang='lat' dir='ltr'><strong>quis</strong></span> <span class='ocrx_word' id='word_1_295' title='bbox 554 4451 746 4568; x_wconf 84' lang='lat' dir='ltr'><strong>particeps</strong></span> <span class='ocrx_word' id='word_1_296' title='bbox 766 4468 870 4541; x_wconf 89' lang='lat' dir='ltr'><strong>esset</strong></span> <span class='ocrx_word' id='word_1_297' title='bbox 889 4453 1051 4541; x_wconf 90' lang='lat' dir='ltr'><strong>criminis</strong></span> <span class='ocrx_word' id='word_1_298' title='bbox 1072 4452 1338 4572; x_wconf 78' lang='lat' dir='ltr'><strong>delinquentis:</strong></span> <span class='ocrx_word' id='word_1_299' title='bbox 1370 4456 1584 4546; x_wconf 90' lang='lat' dir='ltr'><strong>criminibus</strong></span> <span class='ocrx_word' id='word_1_300' title='bbox 1610 4449 1690 4544; x_wconf 90' lang='lat' dir='ltr'><strong>lese</strong></span> <span class='ocrx_word' id='word_1_301' title='bbox 1721 4451 1927 4542; x_wconf 87' lang='lat' dir='ltr'><strong>maiestatis</strong></span> <span class='ocrx_word' id='word_1_302' title='bbox 1953 4448 2075 4549; x_wconf 89' lang='lat' dir='ltr'><strong>solum</strong></span> 
     </span>
     <span class='ocr_line' id='line_1_33' title="bbox 442 4566 2103 4691; baseline -0.002 -36"><span class='ocrx_word' id='word_1_303' title='bbox 442 4571 621 4687; x_wconf 77' lang='lat' dir='ltr'><strong>exceptis.</strong></span> <span class='ocrx_word' id='word_1_304' title='bbox 682 4568 773 4656; x_wconf 89' lang='lat' dir='ltr'><strong>ltem</strong></span> <span class='ocrx_word' id='word_1_305' title='bbox 801 4570 1065 4676; x_wconf 87' lang='lat' dir='ltr'><strong>concedimus,</strong></span> <span class='ocrx_word' id='word_1_306' title='bbox 1097 4587 1135 4658; x_wconf 94' lang='lat' dir='ltr'><strong>ut</strong></span> <span class='ocrx_word' id='word_1_307' title='bbox 1167 4574 1385 4691; x_wconf 86' lang='lat' dir='ltr'><strong>Principes,</strong></span> <span class='ocrx_word' id='word_1_308' title='bbox 1417 4573 1611 4680; x_wconf 89' lang='lat' dir='ltr'><strong>Berones,</strong></span> <span class='ocrx_word' id='word_1_309' title='bbox 1647 4571 1825 4676; x_wconf 85' lang='lat' dir='ltr'><strong>Nobiles,</strong></span> <span class='ocrx_word' id='word_1_310' title='bbox 1855 4586 1894 4658; x_wconf 88' lang='lat' dir='ltr'><strong>et</strong></span> <span class='ocrx_word' id='word_1_311' title='bbox 1920 4566 2103 4684; x_wconf 18' lang='lat' dir='ltr'><strong>Boijarijh</strong></span> 
     </span>
     <span class='ocr_line' id='line_1_34' title="bbox 443 4684 2074 4808; baseline -0.002 -36"><span class='ocrx_word' id='word_1_312' title='bbox 443 4685 672 4802; x_wconf 89' lang='lat' dir='ltr'><strong>supradicti,</strong></span> <span class='ocrx_word' id='word_1_313' title='bbox 712 4684 867 4776; x_wconf 89' lang='lat' dir='ltr'><strong>liberam</strong></span> <span class='ocrx_word' id='word_1_314' title='bbox 908 4686 1071 4774; x_wconf 89' lang='lat' dir='ltr'><strong>habeant</strong></span> <span class='ocrx_word' id='word_1_315' title='bbox 1109 4689 1321 4778; x_wconf 84' lang='lat' dir='ltr'><strong>facultatem</strong></span> <span class='ocrx_word' id='word_1_316' title='bbox 1363 4690 1523 4780; x_wconf 88' lang='lat' dir='ltr'><strong>exeundi</strong></span> <span class='ocrx_word' id='word_1_317' title='bbox 1564 4690 1613 4779; x_wconf 91' lang='lat' dir='ltr'><strong>de</strong></span> <span class='ocrx_word' id='word_1_318' title='bbox 1652 4691 1762 4779; x_wconf 89' lang='lat' dir='ltr'><strong>terris</strong></span> <span class='ocrx_word' id='word_1_319' title='bbox 1804 4687 1894 4808; x_wconf 89' lang='lat' dir='ltr'><strong>ipsis</strong></span> <span class='ocrx_word' id='word_1_320' title='bbox 1934 4684 2074 4772; x_wconf 87' lang='lat' dir='ltr'><strong>nostris</strong></span> 
     </span>
     <span class='ocr_line' id='line_1_35' title="bbox 444 4799 2074 4926; baseline -0.001 -39"><span class='ocrx_word' id='word_1_321' title='bbox 444 4800 576 4921; x_wconf 87' lang='lat' dir='ltr'><strong>lllagni</strong></span> <span class='ocrx_word' id='word_1_322' title='bbox 614 4803 784 4892; x_wconf 87' lang='lat' dir='ltr'><strong>Ducatus</strong></span> <span class='ocrx_word' id='word_1_323' title='bbox 818 4819 887 4892; x_wconf 88' lang='lat' dir='ltr'><strong>etc.</strong></span> <span class='ocrx_word' id='word_1_324' title='bbox 920 4833 1038 4892; x_wconf 90' lang='lat' dir='ltr'><strong>causa</strong></span> <span class='ocrx_word' id='word_1_325' title='bbox 1068 4804 1251 4896; x_wconf 87' lang='lat' dir='ltr'><strong>uberioris</strong></span> <span class='ocrx_word' id='word_1_326' title='bbox 1281 4807 1429 4898; x_wconf 89' lang='lat' dir='ltr'><strong>lortune</strong></span> <span class='ocrx_word' id='word_1_327' title='bbox 1459 4805 1710 4926; x_wconf 90' lang='lat' dir='ltr'><strong>acquirende,</strong></span> <span class='ocrx_word' id='word_1_328' title='bbox 1750 4823 1786 4896; x_wconf 89' lang='lat' dir='ltr'><strong>et</strong></span> <span class='ocrx_word' id='word_1_329' title='bbox 1822 4806 1973 4894; x_wconf 83' lang='lat' dir='ltr'><strong>actuum</strong></span> <span class='ocrx_word' id='word_1_330' title='bbox 2005 4799 2074 4888; x_wconf 84' lang='lat' dir='ltr'><strong>mi·</strong></span> 
     </span>
    </p>
   </div>
   <div class='ocr_carea' id='block_1_4' title="bbox 0 0 2404 5941">
    <p class='ocr_par' dir='ltr' id='par_1_4' title="bbox 0 0 2404 5941">
     <span class='ocr_line' id='line_1_36' title="bbox 0 0 2404 5941; baseline 0 0"><span class='ocrx_word' id='word_1_331' title='bbox 0 0 2404 5941; x_wconf 95' lang='lat' dir='ltr'><strong> </strong></span> 
     </span>
    </p>
   </div>
  </div>
 </body>
</html>
