<?xml version="1.0" encoding="UTF-8"?>
<!DOCTYPE html PUBLIC "-//W3C//DTD XHTML 1.0 Transitional//EN"
    "http://www.w3.org/TR/xhtml1/DTD/xhtml1-transitional.dtd">
<html xmlns="http://www.w3.org/1999/xhtml" xml:lang="en" lang="en">
 <head>
  <title>
</title>
<meta http-equiv="Content-Type" content="text/html;charset=utf-8" />
  <meta name='ocr-system' content='tesseract 3.04.00' />
  <meta name='ocr-capabilities' content='ocr_page ocr_carea ocr_par ocr_line ocrx_word'/>
</head>
<body>
  <div class='ocr_page' id='page_1' title='image "./codexdiplomatic02bartgoog_0370.png"; bbox 0 0 4800 5942; ppageno 0'>
   <div class='ocr_carea' id='block_1_1' title="bbox 1112 735 1387 814">
    <p class='ocr_par' dir='ltr' id='par_1_1' title="bbox 1112 735 1387 814">
     <span class='ocr_line' id='line_1_1' title="bbox 1112 735 1387 814; baseline 0.004 -2"><span class='ocrx_word' id='word_1_1' title='bbox 1112 735 1387 814; x_wconf 57' lang='lat'><strong>-3282-</strong></span> 
     </span>
    </p>
   </div>
   <div class='ocr_carea' id='block_1_2' title="bbox 327 937 2130 3026">
    <p class='ocr_par' dir='ltr' id='par_1_2' title="bbox 327 937 2130 3026">
     <span class='ocr_line' id='line_1_2' title="bbox 438 937 2130 1058; baseline -0.001 -26"><span class='ocrx_word' id='word_1_2' title='bbox 438 941 612 1032; x_wconf 88' lang='lat' dir='ltr'><strong>omnibus</strong></span> <span class='ocrx_word' id='word_1_3' title='bbox 632 953 670 1028; x_wconf 85' lang='lat' dir='ltr'><strong>et</strong></span> <span class='ocrx_word' id='word_1_4' title='bbox 689 939 847 1058; x_wconf 84' lang='lat' dir='ltr'><strong>singulis</strong></span> <span class='ocrx_word' id='word_1_5' title='bbox 877 937 1047 1057; x_wconf 86' lang='lat' dir='ltr'><strong>predicte</strong></span> <span class='ocrx_word' id='word_1_6' title='bbox 1076 939 1162 1028; x_wconf 91' lang='lat' dir='ltr'><strong>ville</strong></span> <span class='ocrx_word' id='word_1_7' title='bbox 1193 945 1363 1030; x_wconf 79' lang='lat' dir='ltr'><strong>Ztnezoro</strong></span> <span class='ocrx_word' id='word_1_8' title='bbox 1384 937 1617 1037; x_wconf 73' lang='lat' dir='ltr'><strong>utilitatibus,</strong></span> <span class='ocrx_word' id='word_1_9' title='bbox 1649 939 1847 1046; x_wconf 86' lang='lat' dir='ltr'><strong>censibus,</strong></span> <span class='ocrx_word' id='word_1_10' title='bbox 1878 937 2069 1052; x_wconf 73' lang='lat' dir='ltr'><strong>reditibus,</strong></span> <span class='ocrx_word' id='word_1_11' title='bbox 2128 949 2130 954; x_wconf 82' lang='grc'><strong>’</strong></span> 
     </span>
     <span class='ocr_line' id='line_1_3' title="bbox 437 1053 2068 1178; baseline -0.001 -30"><span class='ocrx_word' id='word_1_12' title='bbox 437 1057 703 1178; x_wconf 88' lang='lat' dir='ltr'><strong>prouentibus,</strong></span> <span class='ocrx_word' id='word_1_13' title='bbox 733 1059 859 1174; x_wconf 77' lang='lat' dir='ltr'><strong>egris,</strong></span> <span class='ocrx_word' id='word_1_14' title='bbox 890 1057 1053 1174; x_wconf 86' lang='lat' dir='ltr'><strong>campis,</strong></span> <span class='ocrx_word' id='word_1_15' title='bbox 1083 1057 1212 1174; x_wconf 72' lang='lat' dir='ltr'><strong>protis</strong></span> <span class='ocrx_word' id='word_1_16' title='bbox 1233 1056 1397 1175; x_wconf 76' lang='lat' dir='ltr'><strong>pascuis,</strong></span> <span class='ocrx_word' id='word_1_17' title='bbox 1418 1054 1533 1159; x_wconf 87' lang='lat' dir='ltr'><strong>siluis,</strong></span> <span class='ocrx_word' id='word_1_18' title='bbox 1554 1053 1690 1162; x_wconf 85' lang='lat' dir='ltr'><strong>bonis,</strong></span> <span class='ocrx_word' id='word_1_19' title='bbox 1711 1059 1822 1174; x_wconf 71' lang='lat' dir='ltr'><strong>gaiis,</strong></span> <span class='ocrx_word' id='word_1_20' title='bbox 1843 1059 2068 1165; x_wconf 82' lang='lat' dir='ltr'><strong>nernunbus,</strong></span> 
     </span>
     <span class='ocr_line' id='line_1_4' title="bbox 437 1174 2067 1297; baseline -0.001 -31"><span class='ocrx_word' id='word_1_21' title='bbox 437 1176 628 1297; x_wconf 90' lang='lat' dir='ltr'><strong>virgultis,</strong></span> <span class='ocrx_word' id='word_1_22' title='bbox 659 1176 821 1280; x_wconf 79' lang='lat' dir='ltr'><strong>rubetis,</strong></span> <span class='ocrx_word' id='word_1_23' title='bbox 851 1175 994 1291; x_wconf 89' lang='lat' dir='ltr'><strong>lluuijs,</strong></span> <span class='ocrx_word' id='word_1_24' title='bbox 1022 1174 1245 1279; x_wconf 90' lang='lat' dir='ltr'><strong>lluminibus,</strong></span> <span class='ocrx_word' id='word_1_25' title='bbox 1265 1175 1428 1290; x_wconf 73' lang='lat' dir='ltr'><strong>piscinis</strong></span> <span class='ocrx_word' id='word_1_26' title='bbox 1450 1174 1659 1290; x_wconf 84' lang='lat' dir='ltr'><strong>piscaturis,</strong></span> <span class='ocrx_word' id='word_1_27' title='bbox 1680 1175 1890 1293; x_wconf 82' lang='lat' dir='ltr'><strong>paludibus,</strong></span> <span class='ocrx_word' id='word_1_28' title='bbox 1911 1207 1931 1264; x_wconf 89' lang='lat' dir='ltr'><strong>s</strong></span> <span class='ocrx_word' id='word_1_29' title='bbox 2024 1178 2032 1193; x_wconf 85' lang='lat'>&#39;</span> <span class='ocrx_word' id='word_1_30' title='bbox 2056 1245 2067 1284; x_wconf 90' lang='lat'><strong>,</strong></span> 
     </span>
     <span class='ocr_line' id='line_1_5' title="bbox 437 1192 2067 1401; baseline 0 -19"><span class='ocrx_word' id='word_1_31' title='bbox 437 1295 614 1398; x_wconf 76' lang='lat' dir='ltr'><strong>lenibus,</strong></span> <span class='ocrx_word' id='word_1_32' title='bbox 645 1324 668 1381; x_wconf 90' lang='lat' dir='ltr'><strong>a</strong></span> <span class='ocrx_word' id='word_1_33' title='bbox 698 1295 754 1382; x_wconf 93' lang='lat' dir='ltr'><strong>uis</strong></span> <span class='ocrx_word' id='word_1_34' title='bbox 775 1307 814 1379; x_wconf 90' lang='lat' dir='ltr'><strong>et</strong></span> <span class='ocrx_word' id='word_1_35' title='bbox 833 1322 961 1385; x_wconf 85' lang='lat' dir='ltr'><strong>earum</strong></span> <span class='ocrx_word' id='word_1_36' title='bbox 983 1291 1226 1396; x_wconf 91' lang='lat' dir='ltr'><strong>decursibus,</strong></span> <span class='ocrx_word' id='word_1_37' title='bbox 1246 1289 1488 1397; x_wconf 82' lang='lat' dir='ltr'><strong>molendinis,</strong></span> <span class='ocrx_word' id='word_1_38' title='bbox 1510 1290 1766 1396; x_wconf 80' lang='lat' dir='ltr'><strong>emolimentie,</strong></span> <span class='ocrx_word' id='word_1_39' title='bbox 1787 1192 2067 1401; x_wconf 59' lang='lat' dir='ltr'><strong>venacilllllll,</strong></span> 
     </span>
     <span class='ocr_line' id='line_1_6' title="bbox 436 1323 2067 1530; baseline -0.001 -28"><span class='ocrx_word' id='word_1_40' title='bbox 436 1323 766 1530; x_wconf 67' lang='lat' dir='ltr'><strong>aucupacionilsus,</strong></span> <span class='ocrx_word' id='word_1_41' title='bbox 788 1427 825 1498; x_wconf 92' lang='lat' dir='ltr'><strong>et</strong></span> <span class='ocrx_word' id='word_1_42' title='bbox 845 1410 1073 1530; x_wconf 67' lang='lat' dir='ltr'><strong>generaliter</strong></span> <span class='ocrx_word' id='word_1_43' title='bbox 1093 1411 1278 1498; x_wconf 88' lang='lat' dir='ltr'><strong>uniuersis</strong></span> <span class='ocrx_word' id='word_1_44' title='bbox 1300 1408 1606 1514; x_wconf 88' lang='lat' dir='ltr'><strong>obvenoionibus,</strong></span> <span class='ocrx_word' id='word_1_45' title='bbox 1629 1409 1928 1529; x_wconf 83' lang='lat' dir='ltr'><strong>quibuscumque</strong></span> <span class='ocrx_word' id='word_1_46' title='bbox 1947 1413 2067 1500; x_wconf 80' lang='lat' dir='ltr'><strong>nunri-</strong></span> 
     </span>
     <span class='ocr_line' id='line_1_7' title="bbox 327 1524 2067 1649; baseline 0 -33"><span class='ocrx_word' id='word_1_47' title='bbox 327 1583 334 1594; x_wconf 82' lang='lat'><strong>·</strong></span> <span class='ocrx_word' id='word_1_48' title='bbox 436 1531 545 1618; x_wconf 92' lang='lat' dir='ltr'><strong>nibus</strong></span> <span class='ocrx_word' id='word_1_49' title='bbox 566 1531 785 1642; x_wconf 76' lang='lat' dir='ltr'><strong>vocitentur,</strong></span> <span class='ocrx_word' id='word_1_50' title='bbox 806 1530 842 1619; x_wconf 91' lang='lat' dir='ltr'><strong>in</strong></span> <span class='ocrx_word' id='word_1_51' title='bbox 863 1529 1005 1646; x_wconf 87' lang='lat' dir='ltr'><strong>prelata</strong></span> <span class='ocrx_word' id='word_1_52' title='bbox 1026 1527 1113 1614; x_wconf 83' lang='lat' dir='ltr'><strong>villa</strong></span> <span class='ocrx_word' id='word_1_53' title='bbox 1134 1543 1264 1614; x_wconf 87' lang='lat' dir='ltr'><strong>nostra</strong></span> <span class='ocrx_word' id='word_1_54' title='bbox 1284 1534 1455 1614; x_wconf 77' lang='lat' dir='ltr'><strong>Ztncrotc</strong></span> <span class='ocrx_word' id='word_1_55' title='bbox 1472 1524 1681 1632; x_wconf 89' lang='lat' dir='ltr'><strong>tenendum,</strong></span> <span class='ocrx_word' id='word_1_56' title='bbox 1702 1526 1915 1616; x_wconf 86' lang='lat' dir='ltr'><strong>habendum</strong></span> <span class='ocrx_word' id='word_1_57' title='bbox 1931 1557 2067 1649; x_wconf 88' lang='lat' dir='ltr'><strong>regen·</strong></span> 
     </span>
     <span class='ocr_line' id='line_1_8' title="bbox 436 1643 2070 1762; baseline 0 -26"><span class='ocrx_word' id='word_1_58' title='bbox 436 1647 545 1752; x_wconf 90' lang='lat' dir='ltr'><strong>dum,</strong></span> <span class='ocrx_word' id='word_1_59' title='bbox 575 1646 823 1736; x_wconf 88' lang='lat' dir='ltr'><strong>utilruendum</strong></span> <span class='ocrx_word' id='word_1_60' title='bbox 854 1661 891 1734; x_wconf 88' lang='lat' dir='ltr'><strong>et</strong></span> <span class='ocrx_word' id='word_1_61' title='bbox 916 1645 1075 1762; x_wconf 89' lang='lat' dir='ltr'><strong>pacilice</strong></span> <span class='ocrx_word' id='word_1_62' title='bbox 1106 1644 1381 1762; x_wconf 69' lang='lat' dir='ltr'><strong>possidendum,</strong></span> <span class='ocrx_word' id='word_1_63' title='bbox 1408 1643 1568 1750; x_wconf 90' lang='lat' dir='ltr'><strong>tamdiu,</strong></span> <span class='ocrx_word' id='word_1_64' title='bbox 1599 1669 1797 1757; x_wconf 80' lang='lat' dir='ltr'><strong>quousque</strong></span> <span class='ocrx_word' id='word_1_65' title='bbox 1817 1647 1888 1736; x_wconf 87' lang='lat' dir='ltr'><strong>sihi</strong></span> <span class='ocrx_word' id='word_1_66' title='bbox 1906 1647 1967 1734; x_wconf 89' lang='lat' dir='ltr'><strong>uel</strong></span> <span class='ocrx_word' id='word_1_67' title='bbox 1987 1649 2070 1736; x_wconf 83' lang='lat' dir='ltr'><strong>suis</strong></span> 
     </span>
     <span class='ocr_line' id='line_1_9' title="bbox 436 1763 2068 1883; baseline -0.001 -29"><span class='ocrx_word' id='word_1_68' title='bbox 436 1765 726 1854; x_wconf 88' lang='lat' dir='ltr'><strong>successoribus</strong></span> <span class='ocrx_word' id='word_1_69' title='bbox 749 1765 947 1883; x_wconf 79' lang='lat' dir='ltr'><strong>legitimis,</strong></span> <span class='ocrx_word' id='word_1_70' title='bbox 969 1793 1038 1881; x_wconf 89' lang='lat' dir='ltr'><strong>per</strong></span> <span class='ocrx_word' id='word_1_71' title='bbox 1058 1793 1129 1850; x_wconf 91' lang='lat' dir='ltr'><strong>nos</strong></span> <span class='ocrx_word' id='word_1_72' title='bbox 1150 1777 1217 1849; x_wconf 90' lang='lat' dir='ltr'><strong>aut</strong></span> <span class='ocrx_word' id='word_1_73' title='bbox 1234 1791 1483 1852; x_wconf 77' lang='lat' dir='ltr'><strong>successores</strong></span> <span class='ocrx_word' id='word_1_74' title='bbox 1505 1775 1657 1852; x_wconf 89' lang='lat' dir='ltr'><strong>nostros</strong></span> <span class='ocrx_word' id='word_1_75' title='bbox 1676 1763 1898 1882; x_wconf 88' lang='lat' dir='ltr'><strong>legittimos,</strong></span> <span class='ocrx_word' id='word_1_76' title='bbox 1923 1765 2068 1882; x_wconf 82' lang='lat' dir='ltr'><strong>prelato</strong></span> 
     </span>
     <span class='ocr_line' id='line_1_10' title="bbox 437 1879 2067 2000; baseline -0.001 -28"><span class='ocrx_word' id='word_1_77' title='bbox 437 1897 585 1972; x_wconf 89' lang='lat' dir='ltr'><strong>centum</strong></span> <span class='ocrx_word' id='word_1_78' title='bbox 617 1911 744 1970; x_wconf 83' lang='lat' dir='ltr'><strong>meroe</strong></span> <span class='ocrx_word' id='word_1_79' title='bbox 774 1882 1004 2000; x_wconf 73' lang='lat' dir='ltr'><strong>integraliter</strong></span> <span class='ocrx_word' id='word_1_80' title='bbox 1032 1882 1168 1968; x_wconf 89' lang='lat' dir='ltr'><strong>luerint</strong></span> <span class='ocrx_word' id='word_1_81' title='bbox 1197 1881 1398 1997; x_wconf 89' lang='lat' dir='ltr'><strong>persolute.</strong></span> <span class='ocrx_word' id='word_1_82' title='bbox 1456 1879 1605 1994; x_wconf 83' lang='lat' dir='ltr'><strong>Quibus</strong></span> <span class='ocrx_word' id='word_1_83' title='bbox 1637 1882 1837 1987; x_wconf 86' lang='lat' dir='ltr'><strong>exsolutis,</strong></span> <span class='ocrx_word' id='word_1_84' title='bbox 1867 1884 2067 1999; x_wconf 76' lang='lat' dir='ltr'><strong>possessio</strong></span> 
     </span>
     <span class='ocr_line' id='line_1_11' title="bbox 436 1998 2068 2120; baseline 0 -30"><span class='ocrx_word' id='word_1_85' title='bbox 436 1999 623 2090; x_wconf 85' lang='lat' dir='ltr'><strong>antedicte</strong></span> <span class='ocrx_word' id='word_1_86' title='bbox 656 2000 737 2088; x_wconf 89' lang='lat' dir='ltr'><strong>ville</strong></span> <span class='ocrx_word' id='word_1_87' title='bbox 751 2066 753 2070; x_wconf 83' lang='lat'>-</span> <span class='ocrx_word' id='word_1_88' title='bbox 768 2014 897 2088; x_wconf 89' lang='lat' dir='ltr'><strong>nostre</strong></span> <span class='ocrx_word' id='word_1_89' title='bbox 927 2007 1117 2100; x_wconf 79' lang='lat' dir='ltr'><strong>Ztoczeu‚</strong></span> <span class='ocrx_word' id='word_1_90' title='bbox 1153 1998 1203 2086; x_wconf 94' lang='lat' dir='ltr'><strong>ad</strong></span> <span class='ocrx_word' id='word_1_91' title='bbox 1232 2027 1304 2087; x_wconf 93' lang='lat' dir='ltr'><strong>nos</strong></span> <span class='ocrx_word' id='word_1_92' title='bbox 1336 2012 1373 2084; x_wconf 92' lang='lat' dir='ltr'><strong>et</strong></span> <span class='ocrx_word' id='word_1_93' title='bbox 1403 2026 1653 2086; x_wconf 89' lang='lat' dir='ltr'><strong>successores</strong></span> <span class='ocrx_word' id='word_1_94' title='bbox 1683 2014 1835 2088; x_wconf 89' lang='lat' dir='ltr'><strong>nostros</strong></span> <span class='ocrx_word' id='word_1_95' title='bbox 1865 2001 2068 2120; x_wconf 84' lang='lat' dir='ltr'><strong>legittimus</strong></span> 
     </span>
     <span class='ocr_line' id='line_1_12' title="bbox 437 2115 2123 2237; baseline 0 -33"><span class='ocrx_word' id='word_1_96' title='bbox 437 2130 646 2205; x_wconf 87' lang='lat' dir='ltr'><strong>reuertetur</strong></span> <span class='ocrx_word' id='word_1_97' title='bbox 667 2117 777 2236; x_wconf 90' lang='lat' dir='ltr'><strong>pleno</strong></span> <span class='ocrx_word' id='word_1_98' title='bbox 792 2119 889 2234; x_wconf 87' lang='lat' dir='ltr'><strong>jure.</strong></span> <span class='ocrx_word' id='word_1_99' title='bbox 938 2117 1178 2204; x_wconf 89' lang='lat' dir='ltr'><strong>Stacionibus</strong></span> <span class='ocrx_word' id='word_1_100' title='bbox 1198 2130 1323 2204; x_wconf 86' lang='lat' dir='ltr'><strong>tamen</strong></span> <span class='ocrx_word' id='word_1_101' title='bbox 1345 2132 1381 2204; x_wconf 90' lang='lat' dir='ltr'><strong>et</strong></span> <span class='ocrx_word' id='word_1_102' title='bbox 1394 2115 1542 2234; x_wconf 77' lang='lat' dir='ltr'><strong>juribus</strong></span> <span class='ocrx_word' id='word_1_103' title='bbox 1564 2117 1757 2237; x_wconf 89' lang='lat' dir='ltr'><strong>regalibus</strong></span> <span class='ocrx_word' id='word_1_104' title='bbox 1778 2120 1918 2208; x_wconf 88' lang='lat' dir='ltr'><strong>nostris</strong></span> <span class='ocrx_word' id='word_1_105' title='bbox 1937 2119 2066 2220; x_wconf 86' lang='lat' dir='ltr'><strong>solitis,</strong></span> <span class='ocrx_word' id='word_1_106' title='bbox 2112 2167 2123 2188; x_wconf 89' lang='lat'><strong>·</strong></span> 
     </span>
     <span class='ocr_line' id='line_1_13' title="bbox 385 2231 2068 2353; baseline -0.001 -31"><span class='ocrx_word' id='word_1_107' title='bbox 385 2269 388 2274; x_wconf 92' lang='lat'>·</span> <span class='ocrx_word' id='word_1_108' title='bbox 436 2231 667 2350; x_wconf 64' lang='lat' dir='ltr'><strong>nomnibus</strong></span> <span class='ocrx_word' id='word_1_109' title='bbox 686 2261 839 2350; x_wconf 87' lang='lat' dir='ltr'><strong>semper</strong></span> <span class='ocrx_word' id='word_1_110' title='bbox 858 2235 986 2320; x_wconf 92' lang='lat' dir='ltr'><strong>saluis.</strong></span> <span class='ocrx_word' id='word_1_111' title='bbox 1037 2232 1205 2338; x_wconf 84' lang='lat' dir='ltr'><strong>Harum,</strong></span> <span class='ocrx_word' id='word_1_112' title='bbox 1225 2234 1359 2345; x_wconf 86' lang='lat' dir='ltr'><strong>quibus</strong></span> <span class='ocrx_word' id='word_1_113' title='bbox 1381 2233 1542 2353; x_wconf 88' lang='lat' dir='ltr'><strong>sigillum</strong></span> <span class='ocrx_word' id='word_1_114' title='bbox 1561 2249 1728 2323; x_wconf 91' lang='lat' dir='ltr'><strong>nestrum</strong></span> <span class='ocrx_word' id='word_1_115' title='bbox 1751 2236 1989 2352; x_wconf 83' lang='lat' dir='ltr'><strong>presentibus</strong></span> <span class='ocrx_word' id='word_1_116' title='bbox 2010 2249 2068 2322; x_wconf 90' lang='lat' dir='ltr'><strong>est</strong></span> 
     </span>
     <span class='ocr_line' id='line_1_14' title="bbox 437 2350 2066 2554; baseline -0.001 -113"><span class='ocrx_word' id='word_1_117' title='bbox 437 2381 656 2554; x_wconf 88' lang='lat' dir='ltr'><strong>appensum,</strong></span> <span class='ocrx_word' id='word_1_118' title='bbox 678 2352 888 2439; x_wconf 88' lang='lat' dir='ltr'><strong>testimonio</strong></span> <span class='ocrx_word' id='word_1_119' title='bbox 905 2351 1102 2438; x_wconf 89' lang='lat' dir='ltr'><strong>literarum.</strong></span> <span class='ocrx_word' id='word_1_120' title='bbox 1158 2350 1247 2437; x_wconf 89' lang='lat' dir='ltr'><strong>Hoc</strong></span> <span class='ocrx_word' id='word_1_121' title='bbox 1267 2353 1386 2437; x_wconf 85' lang='lat' dir='ltr'><strong>eciem</strong></span> <span class='ocrx_word' id='word_1_122' title='bbox 1407 2351 1620 2466; x_wconf 88' lang='lat' dir='ltr'><strong>specialiter</strong></span> <span class='ocrx_word' id='word_1_123' title='bbox 1640 2351 1780 2455; x_wconf 89' lang='lat' dir='ltr'><strong>addito,</strong></span> <span class='ocrx_word' id='word_1_124' title='bbox 1808 2367 1848 2438; x_wconf 94' lang='lat' dir='ltr'><strong>ut</strong></span> <span class='ocrx_word' id='word_1_125' title='bbox 1868 2355 1916 2440; x_wconf 91' lang='lat' dir='ltr'><strong>ibi</strong></span> <span class='ocrx_word' id='word_1_126' title='bbox 1937 2382 2066 2470; x_wconf 91' lang='lat' dir='ltr'><strong>perso·</strong></span> 
     </span>
     <span class='ocr_line' id='line_1_15' title="bbox 435 2466 2067 2586; baseline -0.002 -27"><span class='ocrx_word' id='word_1_127' title='bbox 435 2501 485 2559; x_wconf 88' lang='lat' dir='ltr'><strong>ua</strong></span> <span class='ocrx_word' id='word_1_128' title='bbox 501 2501 558 2556; x_wconf 86' lang='lat' dir='ltr'><strong>ern</strong></span> <span class='ocrx_word' id='word_1_129' title='bbox 579 2470 692 2562; x_wconf 82' lang='lat' dir='ltr'><strong>iaciat</strong></span> <span class='ocrx_word' id='word_1_130' title='bbox 711 2469 970 2556; x_wconf 89' lang='lat' dir='ltr'><strong>residenciam.</strong></span> <span class='ocrx_word' id='word_1_131' title='bbox 1016 2466 1154 2554; x_wconf 89' lang='lat' dir='ltr'><strong>Datum</strong></span> <span class='ocrx_word' id='word_1_132' title='bbox 1174 2475 1387 2568; x_wconf 80' lang='lat' dir='ltr'><strong>Worndino,</strong></span> <span class='ocrx_word' id='word_1_133' title='bbox 1408 2469 1500 2554; x_wconf 86' lang='lat' dir='ltr'><strong>leria</strong></span> <span class='ocrx_word' id='word_1_134' title='bbox 1517 2470 1631 2554; x_wconf 88' lang='lat' dir='ltr'><strong>tercia</strong></span> <span class='ocrx_word' id='word_1_135' title='bbox 1647 2471 1817 2586; x_wconf 89' lang='lat' dir='ltr'><strong>proxima</strong></span> <span class='ocrx_word' id='word_1_136' title='bbox 1833 2486 1920 2558; x_wconf 89' lang='lat' dir='ltr'><strong>ante</strong></span> <span class='ocrx_word' id='word_1_137' title='bbox 1935 2471 2067 2559; x_wconf 81' lang='lat' dir='ltr'><strong>festum</strong></span> 
     </span>
     <span class='ocr_line' id='line_1_16' title="bbox 438 2584 2066 2703; baseline 0 -28"><span class='ocrx_word' id='word_1_138' title='bbox 438 2589 570 2676; x_wconf 82' lang='lat' dir='ltr'><strong>sancte</strong></span> <span class='ocrx_word' id='word_1_139' title='bbox 586 2585 741 2702; x_wconf 88' lang='lat' dir='ltr'><strong>Zophie,</strong></span> <span class='ocrx_word' id='word_1_140' title='bbox 762 2617 861 2672; x_wconf 92' lang='lat' dir='ltr'><strong>anno</strong></span> <span class='ocrx_word' id='word_1_141' title='bbox 879 2585 1016 2672; x_wconf 89' lang='lat' dir='ltr'><strong>domini</strong></span> <span class='ocrx_word' id='word_1_142' title='bbox 1033 2585 1225 2673; x_wconf 87' lang='lat' dir='ltr'><strong>millesimo</strong></span> <span class='ocrx_word' id='word_1_143' title='bbox 1241 2584 1609 2703; x_wconf 88' lang='lat' dir='ltr'><strong>quadringentesimo</strong></span> <span class='ocrx_word' id='word_1_144' title='bbox 1626 2585 1920 2700; x_wconf 85' lang='lat' dir='ltr'><strong>quadragesimo</strong></span> <span class='ocrx_word' id='word_1_145' title='bbox 1937 2589 2066 2676; x_wconf 89' lang='lat' dir='ltr'><strong>tercio.</strong></span> 
     </span>
     <span class='ocr_line' id='line_1_17' title="bbox 540 2700 2063 2822; baseline 0.001 -34"><span class='ocrx_word' id='word_1_146' title='bbox 540 2701 600 2788; x_wconf 85' lang='lat' dir='ltr'><strong>Ad</strong></span> <span class='ocrx_word' id='word_1_147' title='bbox 622 2704 849 2789; x_wconf 88' lang='lat' dir='ltr'><strong>relacionem</strong></span> <span class='ocrx_word' id='word_1_148' title='bbox 867 2701 1055 2819; x_wconf 85' lang='lat' dir='ltr'><strong>magnifici</strong></span> <span class='ocrx_word' id='word_1_149' title='bbox 1076 2703 1178 2787; x_wconf 90' lang='lat' dir='ltr'><strong>Petri</strong></span> <span class='ocrx_word' id='word_1_150' title='bbox 1199 2700 1248 2787; x_wconf 89' lang='lat' dir='ltr'><strong>de</strong></span> <span class='ocrx_word' id='word_1_151' title='bbox 1268 2706 1517 2815; x_wconf 73' lang='lat' dir='ltr'><strong>Sczekoczpn,</strong></span> <span class='ocrx_word' id='word_1_152' title='bbox 1539 2701 1665 2822; x_wconf 85' lang='lat' dir='ltr'><strong>Regni</strong></span> <span class='ocrx_word' id='word_1_153' title='bbox 1681 2705 1724 2789; x_wconf 88' lang='lat' dir='ltr'><strong>P.</strong></span> <span class='ocrx_word' id='word_1_154' title='bbox 1743 2704 2063 2790; x_wconf 81' lang='lat' dir='ltr'><strong>Vioecancellari&#39;.</strong></span> 
     </span>
     <span class='ocr_line' id='line_1_18' title="bbox 540 2735 2064 2939; baseline 0.002 -35"><span class='ocrx_word' id='word_1_155' title='bbox 540 2827 583 2904; x_wconf 88' lang='lat' dir='ltr'><strong>ln</strong></span> <span class='ocrx_word' id='word_1_156' title='bbox 596 2837 711 2933; x_wconf 86' lang='lat' dir='ltr'><strong>porte</strong></span> <span class='ocrx_word' id='word_1_157' title='bbox 737 2852 874 2906; x_wconf 71' lang='lat' dir='ltr'><strong>censa</strong></span> <span class='ocrx_word' id='word_1_158' title='bbox 900 2838 1137 2906; x_wconf 82' lang='lat' dir='ltr'><strong>annotatum:</strong></span> <span class='ocrx_word' id='word_1_159' title='bbox 1170 2819 1326 2909; x_wconf 90' lang='lat' dir='ltr'><strong>Lectum</strong></span> <span class='ocrx_word' id='word_1_160' title='bbox 1358 2850 1427 2939; x_wconf 90' lang='lat' dir='ltr'><strong>per</strong></span> <span class='ocrx_word' id='word_1_161' title='bbox 1457 2820 1650 2910; x_wconf 87' lang='lat' dir='ltr'><strong>Albertunr</strong></span> <span class='ocrx_word' id='word_1_162' title='bbox 1681 2818 1728 2906; x_wconf 89' lang='lat' dir='ltr'><strong>de</strong></span> <span class='ocrx_word' id='word_1_163' title='bbox 1756 2827 1915 2921; x_wconf 69' lang='lat' dir='ltr'><strong>laetitio,</strong></span> <span class='ocrx_word' id='word_1_164' title='bbox 1946 2819 1996 2908; x_wconf 82' lang='lat' dir='ltr'><strong>R.</strong></span> <span class='ocrx_word' id='word_1_165' title='bbox 2020 2735 2064 2907; x_wconf 70' lang='lat' dir='ltr'><strong>ll.</strong></span> 
     </span>
     <span class='ocr_line' id='line_1_19' title="bbox 437 2933 1965 3026; baseline -0.003 0"><span class='ocrx_word' id='word_1_166' title='bbox 437 2933 810 3026; x_wconf 77' lang='lat' dir='ltr'><strong>vicecancellariurn.</strong></span> <span class='ocrx_word' id='word_1_167' title='bbox 1156 2945 1158 2948; x_wconf 81' lang='grc'><strong>’</strong></span> <span class='ocrx_word' id='word_1_168' title='bbox 1660 2981 1664 2989; x_wconf 75' lang='lat'><strong>,</strong></span> <span class='ocrx_word' id='word_1_169' title='bbox 1716 2977 1722 2986; x_wconf 92' lang='lat'>·</span> <span class='ocrx_word' id='word_1_170' title='bbox 1957 2975 1965 2991; x_wconf 92' lang='lat'>·</span> 
     </span>
    </p>
   </div>
   <div class='ocr_carea' id='block_1_3' title="bbox 924 3183 1392 3374">
    <p class='ocr_par' dir='ltr' id='par_1_3' title="bbox 924 3183 1392 3374">
     <span class='ocr_line' id='line_1_20' title="bbox 924 3183 1392 3374; baseline -0.004 -1"><span class='ocrx_word' id='word_1_171' title='bbox 924 3183 967 3220; x_wconf 55' lang='lat'><em>⁸</em></span> <span class='ocrx_word' id='word_1_172' title='bbox 1092 3257 1392 3374; x_wconf 78' lang='lat' dir='ltr'><strong>cmxxiv.</strong></span> 
     </span>
    </p>
   </div>
   <div class='ocr_carea' id='block_1_4' title="bbox 498 3509 1901 3652">
    <p class='ocr_par' dir='ltr' id='par_1_4' title="bbox 498 3509 1901 3652">
     <span class='ocr_line' id='line_1_21' title="bbox 498 3509 1901 3652; baseline 0.002 -40"><span class='ocrx_word' id='word_1_173' title='bbox 498 3649 499 3652; x_wconf 4' lang='grc' dir='ltr'><strong><em>Ν</em></strong></span> <span class='ocrx_word' id='word_1_174' title='bbox 610 3524 955 3646; x_wconf 75' lang='lat' dir='ltr'><strong>Pnencntcc,</strong></span> <span class='ocrx_word' id='word_1_175' title='bbox 982 3546 1139 3615; x_wconf 81' lang='lat' dir='ltr'><strong>nnnc</strong></span> <span class='ocrx_word' id='word_1_176' title='bbox 1163 3509 1316 3618; x_wconf 71' lang='lat'><strong>1446</strong></span> <span class='ocrx_word' id='word_1_177' title='bbox 1343 3530 1403 3614; x_wconf 71' lang='lat' dir='ltr'><strong>d.</strong></span> <span class='ocrx_word' id='word_1_178' title='bbox 1420 3526 1486 3612; x_wconf 67' lang='lat'><strong>12</strong></span> <span class='ocrx_word' id='word_1_179' title='bbox 1511 3528 1712 3616; x_wconf 72' lang='lat' dir='ltr'><strong>meriste</strong></span> <span class='ocrx_word' id='word_1_180' title='bbox 1736 3529 1901 3637; x_wconf 57' lang='lat' dir='ltr'><strong>aaut.</strong></span> 
     </span>
    </p>
   </div>
   <div class='ocr_carea' id='block_1_5' title="bbox 438 3725 2068 4028">
    <p class='ocr_par' dir='ltr' id='par_1_5' title="bbox 438 3725 2068 4028">
     <span class='ocr_line' id='line_1_22' title="bbox 438 3725 2068 3826; baseline 0.002 -26"><span class='ocrx_word' id='word_1_181' title='bbox 438 3725 678 3800; x_wconf 68' lang='lat' dir='ltr'><strong>Allienus</strong></span> <span class='ocrx_word' id='word_1_182' title='bbox 700 3729 740 3801; x_wconf 85' lang='lat' dir='ltr'><strong>te</strong></span> <span class='ocrx_word' id='word_1_183' title='bbox 762 3725 844 3800; x_wconf 73' lang='lat' dir='ltr'><strong>Mate</strong></span> <span class='ocrx_word' id='word_1_184' title='bbox 864 3731 1052 3823; x_wconf 71' lang='lat' dir='ltr'><strong>tentemus</strong></span> <span class='ocrx_word' id='word_1_185' title='bbox 1067 3729 1226 3807; x_wconf 72' lang='lat' dir='ltr'><strong>bruerolis</strong></span> <span class='ocrx_word' id='word_1_186' title='bbox 1239 3731 1365 3826; x_wconf 74' lang='lat' dir='ltr'><strong>lujoru</strong></span> <span class='ocrx_word' id='word_1_187' title='bbox 1379 3731 1541 3820; x_wconf 80' lang='lat' dir='ltr'><strong>rernnn,</strong></span> <span class='ocrx_word' id='word_1_188' title='bbox 1562 3731 1773 3814; x_wconf 75' lang='lat' dir='ltr'><strong>sortitionem</strong></span> <span class='ocrx_word' id='word_1_189' title='bbox 1785 3730 1878 3804; x_wconf 82' lang='lat' dir='ltr'><strong>utun</strong></span> <span class='ocrx_word' id='word_1_190' title='bbox 1891 3745 2068 3806; x_wconf 73' lang='lat' dir='ltr'><strong>maurorum</strong></span> 
     </span>
     <span class='ocr_line' id='line_1_23' title="bbox 443 3828 1994 3924; baseline 0.001 -22"><span class='ocrx_word' id='word_1_191' title='bbox 443 3877 453 3890; x_wconf 83' lang='lat'><strong>·</strong></span> <span class='ocrx_word' id='word_1_192' title='bbox 514 3828 582 3920; x_wconf 71' lang='lat' dir='ltr'><strong>ent</strong></span> <span class='ocrx_word' id='word_1_193' title='bbox 595 3829 763 3907; x_wconf 71' lang='lat' dir='ltr'><strong>aennon</strong></span> <span class='ocrx_word' id='word_1_194' title='bbox 777 3830 809 3902; x_wconf 81' lang='lat' dir='ltr'><strong>in</strong></span> <span class='ocrx_word' id='word_1_195' title='bbox 823 3834 1003 3920; x_wconf 66' lang='lat' dir='ltr'><strong>Pomponi</strong></span> <span class='ocrx_word' id='word_1_196' title='bbox 1018 3849 1087 3904; x_wconf 84' lang='lat' dir='ltr'><strong>cun</strong></span> <span class='ocrx_word' id='word_1_197' title='bbox 1101 3833 1174 3905; x_wconf 80' lang='lat' dir='ltr'><strong>lacu</strong></span> <span class='ocrx_word' id='word_1_198' title='bbox 1186 3833 1317 3921; x_wconf 79' lang='lat' dir='ltr'><strong>itidem,</strong></span> <span class='ocrx_word' id='word_1_199' title='bbox 1332 3833 1423 3906; x_wconf 81' lang='lat' dir='ltr'><strong>tetro</strong></span> <span class='ocrx_word' id='word_1_200' title='bbox 1439 3833 1478 3905; x_wconf 84' lang='lat' dir='ltr'><strong>te</strong></span> <span class='ocrx_word' id='word_1_201' title='bbox 1494 3834 1576 3900; x_wconf 69' lang='lat' dir='ltr'><strong>ente</strong></span> <span class='ocrx_word' id='word_1_202' title='bbox 1589 3849 1644 3924; x_wconf 84' lang='lat' dir='ltr'><strong>per</strong></span> <span class='ocrx_word' id='word_1_203' title='bbox 1657 3831 1806 3906; x_wconf 83' lang='lat' dir='ltr'><strong>tumuere</strong></span> <span class='ocrx_word' id='word_1_204' title='bbox 1820 3833 1994 3905; x_wconf 74' lang='lat' dir='ltr'><strong>scultetum</strong></span> 
     </span>
     <span class='ocr_line' id='line_1_24' title="bbox 878 3930 1845 4028; baseline 0 -23"><span class='ocrx_word' id='word_1_205' title='bbox 878 3930 1260 4022; x_wconf 70' lang='lat' dir='ltr'><strong>ternszeqonoracten,</strong></span> <span class='ocrx_word' id='word_1_206' title='bbox 1275 3935 1632 4028; x_wconf 61' lang='lat' dir='ltr'><strong>retamentjttbtllb.</strong></span> <span class='ocrx_word' id='word_1_207' title='bbox 1842 3943 1845 3950; x_wconf 84' lang='lat'><em>&#39;</em></span> 
     </span>
    </p>
   </div>
   <div class='ocr_carea' id='block_1_6' title="bbox 355 4140 2069 4364">
    <p class='ocr_par' dir='ltr' id='par_1_6' title="bbox 355 4140 2069 4364">
     <span class='ocr_line' id='line_1_25' title="bbox 355 4140 2069 4364; baseline 0.003 -125"><span class='ocrx_word' id='word_1_208' title='bbox 355 4140 363 4151; x_wconf 49' lang='lat'><em>⁶</em></span> <span class='ocrx_word' id='word_1_209' title='bbox 512 4151 585 4240; x_wconf 83' lang='lat' dir='ltr'><strong>&#39;ln</strong></span> <span class='ocrx_word' id='word_1_210' title='bbox 605 4158 755 4244; x_wconf 91' lang='lat' dir='ltr'><strong>nomine</strong></span> <span class='ocrx_word' id='word_1_211' title='bbox 776 4155 926 4261; x_wconf 89' lang='lat' dir='ltr'><strong>domini,</strong></span> <span class='ocrx_word' id='word_1_212' title='bbox 946 4185 1068 4244; x_wconf 86' lang='lat' dir='ltr'><strong>amen.</strong></span> <span class='ocrx_word' id='word_1_213' title='bbox 1117 4155 1181 4243; x_wconf 77' lang='lat' dir='ltr'><strong>nd</strong></span> <span class='ocrx_word' id='word_1_214' title='bbox 1202 4173 1422 4364; x_wconf 66' lang='lat' dir='ltr'><strong>perpptunm</strong></span> <span class='ocrx_word' id='word_1_215' title='bbox 1441 4159 1495 4246; x_wconf 92' lang='lat' dir='ltr'><strong>rei</strong></span> <span class='ocrx_word' id='word_1_216' title='bbox 1515 4161 1743 4245; x_wconf 87' lang='lat' dir='ltr'><strong>memoriam.</strong></span> <span class='ocrx_word' id='word_1_217' title='bbox 1786 4154 1870 4243; x_wconf 87' lang='lat' dir='ltr'><strong>Nos</strong></span> <span class='ocrx_word' id='word_1_218' title='bbox 1890 4155 2069 4244; x_wconf 77' lang='lat' dir='ltr'><strong>Albertus</strong></span> 
     </span>
    </p>
   </div>
   <div class='ocr_carea' id='block_1_7' title="bbox 442 4267 2067 4396">
    <p class='ocr_par' dir='ltr' id='par_1_7' title="bbox 442 4267 2067 4396">
     <span class='ocr_line' id='line_1_26' title="bbox 442 4267 2067 4396; baseline 0.003 -41"><span class='ocrx_word' id='word_1_219' title='bbox 442 4267 492 4355; x_wconf 88' lang='lat' dir='ltr'><strong>de</strong></span> <span class='ocrx_word' id='word_1_220' title='bbox 505 4274 608 4359; x_wconf 80' lang='lat' dir='ltr'><strong>Male</strong></span> <span class='ocrx_word' id='word_1_221' title='bbox 622 4271 816 4363; x_wconf 89' lang='lat' dir='ltr'><strong>Pelatinus</strong></span> <span class='ocrx_word' id='word_1_222' title='bbox 835 4273 1104 4382; x_wconf 87' lang='lat' dir='ltr'><strong>Lanciciensis,</strong></span> <span class='ocrx_word' id='word_1_223' title='bbox 1124 4272 1250 4396; x_wconf 88' lang='lat' dir='ltr'><strong>Regie</strong></span> <span class='ocrx_word' id='word_1_224' title='bbox 1310 4277 1476 4365; x_wconf 89' lang='lat' dir='ltr'><strong>aiestetis</strong></span> <span class='ocrx_word' id='word_1_225' title='bbox 1491 4275 1769 4365; x_wconf 83' lang='lat' dir='ltr'><strong>Locumtenens</strong></span> <span class='ocrx_word' id='word_1_226' title='bbox 1783 4291 1821 4362; x_wconf 89' lang='lat' dir='ltr'><strong>et</strong></span> <span class='ocrx_word' id='word_1_227' title='bbox 1837 4269 2067 4393; x_wconf 80' lang='lat' dir='ltr'><strong>Capitaneus&#39;</strong></span> 
     </span>
    </p>
   </div>
   <div class='ocr_carea' id='block_1_8' title="bbox 369 4519 2070 4864">
    <p class='ocr_par' dir='ltr' id='par_1_8' title="bbox 369 4519 2070 4864">
     <span class='ocr_line' id='line_1_27' title="bbox 543 4519 2070 4624; baseline 0.003 -38"><span class='ocrx_word' id='word_1_228' title='bbox 543 4520 584 4605; x_wconf 82' lang='lat'><strong>(¹)</strong></span> <span class='ocrx_word' id='word_1_229' title='bbox 613 4519 659 4586; x_wconf 80' lang='lat' dir='ltr'><strong>Ex</strong></span> <span class='ocrx_word' id='word_1_230' title='bbox 679 4521 842 4608; x_wconf 78' lang='lat' dir='ltr'><strong>archetypo</strong></span> <span class='ocrx_word' id='word_1_231' title='bbox 861 4524 895 4590; x_wconf 87' lang='lat' dir='ltr'><strong>in</strong></span> <span class='ocrx_word' id='word_1_232' title='bbox 916 4523 1020 4592; x_wconf 82' lang='lat' dir='ltr'><strong>charta</strong></span> <span class='ocrx_word' id='word_1_233' title='bbox 1042 4525 1274 4593; x_wconf 82' lang='lat' dir='ltr'><strong>membranacea</strong></span> <span class='ocrx_word' id='word_1_234' title='bbox 1293 4527 1405 4611; x_wconf 79' lang='lat' dir='ltr'><strong>scripto</strong></span> <span class='ocrx_word' id='word_1_235' title='bbox 1425 4526 1591 4593; x_wconf 72' lang='lat' dir='ltr'><strong>vennae</strong></span> <span class='ocrx_word' id='word_1_236' title='bbox 1612 4527 1644 4591; x_wconf 90' lang='lat' dir='ltr'><strong>iu</strong></span> <span class='ocrx_word' id='word_1_237' title='bbox 1658 4525 1808 4592; x_wconf 76' lang='lat' dir='ltr'><strong>tabulario</strong></span> <span class='ocrx_word' id='word_1_238' title='bbox 1830 4523 1952 4624; x_wconf 82' lang='lat' dir='ltr'><strong>publico</strong></span> <span class='ocrx_word' id='word_1_239' title='bbox 1970 4521 2070 4608; x_wconf 82' lang='lat' dir='ltr'><strong>Regni</strong></span> 
     </span>
     <span class='ocr_line' id='line_1_28' title="bbox 440 4603 2070 4696; baseline 0.002 -25"><span class='ocrx_word' id='word_1_240' title='bbox 440 4604 586 4672; x_wconf 86' lang='lat' dir='ltr'><strong>Poloniee</strong></span> <span class='ocrx_word' id='word_1_241' title='bbox 612 4603 667 4672; x_wconf 66' lang='grc' dir='ltr'><strong>Ντο</strong></span> <span class='ocrx_word' id='word_1_242' title='bbox 692 4606 772 4672; x_wconf 81' lang='grc'><strong>1095</strong></span> <span class='ocrx_word' id='word_1_243' title='bbox 795 4615 961 4674; x_wconf 85' lang='lat' dir='ltr'><strong>asscruato.</strong></span> <span class='ocrx_word' id='word_1_244' title='bbox 1004 4609 1041 4674; x_wconf 92' lang='lat' dir='ltr'><strong>ln</strong></span> <span class='ocrx_word' id='word_1_245' title='bbox 1066 4608 1201 4677; x_wconf 80' lang='lat' dir='ltr'><strong>funiculo</strong></span> <span class='ocrx_word' id='word_1_246' title='bbox 1227 4611 1324 4679; x_wconf 80' lang='lat' dir='ltr'><strong>serien</strong></span> <span class='ocrx_word' id='word_1_247' title='bbox 1349 4611 1458 4678; x_wconf 89' lang='lat' dir='ltr'><strong>coloris</strong></span> <span class='ocrx_word' id='word_1_248' title='bbox 1482 4611 1565 4677; x_wconf 88' lang='lat' dir='ltr'><strong>rubri</strong></span> <span class='ocrx_word' id='word_1_249' title='bbox 1591 4625 1759 4696; x_wconf 68' lang='lat' dir='ltr'><strong>appensum]</strong></span> <span class='ocrx_word' id='word_1_250' title='bbox 1784 4609 1918 4694; x_wconf 75' lang='lat' dir='ltr'><strong>sigillum</strong></span> <span class='ocrx_word' id='word_1_251' title='bbox 1944 4627 2070 4696; x_wconf 82' lang='lat' dir='ltr'><strong>parrum</strong></span> 
     </span>
     <span class='ocr_line' id='line_1_29' title="bbox 442 4687 2070 4846; baseline 0.002 -93"><span class='ocrx_word' id='word_1_252' title='bbox 442 4687 567 4788; x_wconf 79' lang='lat' dir='ltr'><strong>exhibet</strong></span> <span class='ocrx_word' id='word_1_253' title='bbox 579 4689 611 4755; x_wconf 93' lang='lat' dir='ltr'><strong>in</strong></span> <span class='ocrx_word' id='word_1_254' title='bbox 626 4697 712 4789; x_wconf 79' lang='lat' dir='ltr'><strong>scuto</strong></span> <span class='ocrx_word' id='word_1_255' title='bbox 729 4690 844 4776; x_wconf 85' lang='lat' dir='ltr'><strong>insigne</strong></span> <span class='ocrx_word' id='word_1_256' title='bbox 859 4691 1003 4774; x_wconf 75' lang='lat' dir='ltr'><strong>„Nntpci‘</strong></span> <span class='ocrx_word' id='word_1_257' title='bbox 1019 4692 1147 4762; x_wconf 88' lang='lat' dir='ltr'><strong>dictum:</strong></span> <span class='ocrx_word' id='word_1_258' title='bbox 1168 4715 1260 4793; x_wconf 88' lang='lat' dir='ltr'><strong>super</strong></span> <span class='ocrx_word' id='word_1_259' title='bbox 1273 4695 1390 4780; x_wconf 84' lang='lat' dir='ltr'><strong>insigne</strong></span> <span class='ocrx_word' id='word_1_260' title='bbox 1407 4695 1503 4779; x_wconf 85' lang='lat' dir='ltr'><strong>posita</strong></span> <span class='ocrx_word' id='word_1_261' title='bbox 1519 4701 1567 4760; x_wconf 88' lang='lat' dir='ltr'><strong>est</strong></span> <span class='ocrx_word' id='word_1_262' title='bbox 1580 4692 1682 4780; x_wconf 81' lang='lat' dir='ltr'><strong>gelea&#39;,</strong></span> <span class='ocrx_word' id='word_1_263' title='bbox 1700 4701 1732 4759; x_wconf 88' lang='lat' dir='ltr'><strong>et</strong></span> <span class='ocrx_word' id='word_1_264' title='bbox 1745 4713 1837 4846; x_wconf 66' lang='lat' dir='ltr'><strong>super</strong></span> <span class='ocrx_word' id='word_1_265' title='bbox 1858 4692 1937 4758; x_wconf 84' lang='lat' dir='ltr'><strong>hanc</strong></span> <span class='ocrx_word' id='word_1_266' title='bbox 1958 4709 2070 4758; x_wconf 90' lang='lat' dir='ltr'><strong>cornua</strong></span> 
     </span>
     <span class='ocr_line' id='line_1_30' title="bbox 369 4775 2070 4864; baseline 0.002 -28"><span class='ocrx_word' id='word_1_267' title='bbox 369 4829 371 4836; x_wconf 89' lang='grc'><em>,</em></span> <span class='ocrx_word' id='word_1_268' title='bbox 442 4793 531 4838; x_wconf 81' lang='lat' dir='ltr'><strong>cervi.</strong></span> <span class='ocrx_word' id='word_1_269' title='bbox 567 4775 726 4856; x_wconf 81' lang='lat' dir='ltr'><strong>Inscriptio</strong></span> <span class='ocrx_word' id='word_1_270' title='bbox 742 4775 848 4840; x_wconf 86' lang='lat' dir='ltr'><strong>deleta.</strong></span> <span class='ocrx_word' id='word_1_271' title='bbox 888 4776 936 4841; x_wconf 85' lang='lat' dir='ltr'><strong>Ex</strong></span> <span class='ocrx_word' id='word_1_272' title='bbox 951 4777 1043 4842; x_wconf 84' lang='lat' dir='ltr'><strong>altere</strong></span> <span class='ocrx_word' id='word_1_273' title='bbox 1061 4787 1145 4861; x_wconf 83' lang='lat' dir='ltr'><strong>parte</strong></span> <span class='ocrx_word' id='word_1_274' title='bbox 1159 4780 1263 4864; x_wconf 77' lang='lat' dir='ltr'><strong>sigilli,</strong></span> <span class='ocrx_word' id='word_1_275' title='bbox 1284 4794 1460 4864; x_wconf 84' lang='lat' dir='ltr'><strong>expressum</strong></span> <span class='ocrx_word' id='word_1_276' title='bbox 1482 4777 1620 4846; x_wconf 87' lang='lat' dir='ltr'><strong>similiter</strong></span> <span class='ocrx_word' id='word_1_277' title='bbox 1640 4777 1757 4864; x_wconf 86' lang='lat' dir='ltr'><strong>insigne</strong></span> <span class='ocrx_word' id='word_1_278' title='bbox 1808 4777 1892 4858; x_wconf 76' lang='lat' dir='ltr'><strong>aleon</strong></span> <span class='ocrx_word' id='word_1_279' title='bbox 1907 4776 1938 4842; x_wconf 95' lang='lat' dir='ltr'><strong>in</strong></span> <span class='ocrx_word' id='word_1_280' title='bbox 1954 4775 2070 4843; x_wconf 80' lang='lat' dir='ltr'><strong>ambitu</strong></span> 
     </span>
    </p>
   </div>
   <div class='ocr_carea' id='block_1_9' title="bbox 444 4855 1178 4948">
    <p class='ocr_par' dir='ltr' id='par_1_9' title="bbox 444 4855 1178 4948">
     <span class='ocr_line' id='line_1_31' title="bbox 444 4855 1178 4948; baseline 0.011 -28"><span class='ocrx_word' id='word_1_281' title='bbox 444 4855 585 4948; x_wconf 85' lang='lat' dir='ltr'><strong>leguntur</strong></span> <span class='ocrx_word' id='word_1_282' title='bbox 598 4857 708 4926; x_wconf 86' lang='lat' dir='ltr'><strong>uerba:</strong></span> <span class='ocrx_word' id='word_1_283' title='bbox 729 4859 781 4936; x_wconf 87' lang='lat' dir='ltr'><strong>„S.</strong></span> <span class='ocrx_word' id='word_1_284' title='bbox 796 4861 911 4926; x_wconf 82' lang='lat' dir='ltr'><strong>Allern&#39;</strong></span> <span class='ocrx_word' id='word_1_285' title='bbox 924 4861 961 4926; x_wconf 81' lang='lat' dir='ltr'><strong>tto</strong></span> <span class='ocrx_word' id='word_1_286' title='bbox 973 4860 1078 4947; x_wconf 66' lang='lat' dir='ltr'><strong>Molos</strong></span> <span class='ocrx_word' id='word_1_287' title='bbox 1092 4862 1178 4928; x_wconf 77' lang='lat' dir='ltr'><strong>rar’.</strong></span> 
     </span>
    </p>
   </div>
   <div class='ocr_carea' id='block_1_10' title="bbox 0 0 2408 5940">
    <p class='ocr_par' dir='ltr' id='par_1_10' title="bbox 0 0 2408 5940">
     <span class='ocr_line' id='line_1_32' title="bbox 0 0 2408 5940; baseline 0 0"><span class='ocrx_word' id='word_1_288' title='bbox 0 0 2408 5940; x_wconf 95' lang='lat' dir='ltr'><strong> </strong></span> 
     </span>
    </p>
   </div>
  </div>
 </body>
</html>
