<?xml version="1.0" encoding="UTF-8"?>
<!DOCTYPE html PUBLIC "-//W3C//DTD XHTML 1.0 Transitional//EN"
    "http://www.w3.org/TR/xhtml1/DTD/xhtml1-transitional.dtd">
<html xmlns="http://www.w3.org/1999/xhtml" xml:lang="en" lang="en">
 <head>
  <title>
</title>
<meta http-equiv="Content-Type" content="text/html;charset=utf-8" />
  <meta name='ocr-system' content='tesseract 3.04.00' />
  <meta name='ocr-capabilities' content='ocr_page ocr_carea ocr_par ocr_line ocrx_word'/>
</head>
<body>
  <div class='ocr_page' id='page_1' title='image "./codexdiplomatic02bartgoog_0334.png"; bbox 0 0 4778 5952; ppageno 0'>
   <div class='ocr_carea' id='block_1_1' title="bbox 818 607 1355 720">
    <p class='ocr_par' dir='ltr' id='par_1_1' title="bbox 818 607 1355 720">
     <span class='ocr_line' id='line_1_1' title="bbox 818 607 1355 720; baseline 0.006 -2"><span class='ocrx_word' id='word_1_1' title='bbox 818 607 1355 720; x_wconf 63' lang='lat' dir='ltr'><strong>&#39;‘-non-</strong></span> 
     </span>
    </p>
   </div>
   <div class='ocr_carea' id='block_1_2' title="bbox 1005 901 1309 1058">
    <p class='ocr_par' dir='ltr' id='par_1_2' title="bbox 1005 901 1309 1058">
     <span class='ocr_line' id='line_1_2' title="bbox 1005 901 1309 1058; baseline 0 -2"><span class='ocrx_word' id='word_1_2' title='bbox 1005 901 1008 908; x_wconf 74' lang='lat'><em>.</em></span> <span class='ocrx_word' id='word_1_3' title='bbox 1131 937 1309 1058; x_wconf 73' lang='lat' dir='ltr'><strong>textu</strong></span> 
     </span>
    </p>
   </div>
   <div class='ocr_carea' id='block_1_3' title="bbox 575 1205 1855 1306">
    <p class='ocr_par' dir='ltr' id='par_1_3' title="bbox 575 1205 1855 1306">
     <span class='ocr_line' id='line_1_3' title="bbox 575 1205 1855 1306; baseline 0.014 -20"><span class='ocrx_word' id='word_1_4' title='bbox 575 1209 1029 1304; x_wconf 4' lang='lat' dir='ltr'><strong>Nummum</strong></span> <span class='ocrx_word' id='word_1_5' title='bbox 1055 1205 1201 1298; x_wconf 76' lang='lat'>141⁰.</span> <span class='ocrx_word' id='word_1_6' title='bbox 1226 1209 1279 1294; x_wconf 74' lang='grc' dir='ltr'><strong>«ι</strong></span> <span class='ocrx_word' id='word_1_7' title='bbox 1308 1205 1390 1296; x_wconf 72' lang='lat'><strong>2⁶</strong></span> <span class='ocrx_word' id='word_1_8' title='bbox 1413 1209 1616 1298; x_wconf 65' lang='lat' dir='ltr'><strong>mm</strong></span> <span class='ocrx_word' id='word_1_9' title='bbox 1640 1213 1855 1306; x_wconf 67' lang='lat' dir='ltr'><strong>macte.</strong></span> 
     </span>
    </p>
   </div>
   <div class='ocr_carea' id='block_1_4' title="bbox 438 1407 2046 1732">
    <p class='ocr_par' dir='ltr' id='par_1_4' title="bbox 438 1407 2046 1732">
     <span class='ocr_line' id='line_1_4' title="bbox 438 1407 1990 1504; baseline 0.01 -22"><span class='ocrx_word' id='word_1_10' title='bbox 438 1411 665 1484; x_wconf 72' lang='lat' dir='ltr'><strong>Jcnnncc</strong></span> <span class='ocrx_word' id='word_1_11' title='bbox 680 1407 857 1484; x_wconf 71' lang='lat' dir='ltr'><strong>§mter</strong></span> <span class='ocrx_word' id='word_1_12' title='bbox 869 1409 1114 1486; x_wconf 78' lang='lat' dir='ltr'><strong>buxlnmmm</strong></span> <span class='ocrx_word' id='word_1_13' title='bbox 1129 1409 1252 1486; x_wconf 68' lang='lat' dir='ltr'><strong>cumn</strong></span> <span class='ocrx_word' id='word_1_14' title='bbox 1268 1410 1402 1486; x_wconf 70' lang='lat' dir='ltr'><strong>totunm</strong></span> <span class='ocrx_word' id='word_1_15' title='bbox 1414 1428 1436 1484; x_wconf 78' lang='grc' dir='ltr'>ι</span> <span class='ocrx_word' id='word_1_16' title='bbox 1449 1411 1606 1504; x_wconf 74' lang='lat' dir='ltr'><strong>tremus</strong></span> <span class='ocrx_word' id='word_1_17' title='bbox 1620 1413 1730 1491; x_wconf 72' lang='lat' dir='ltr'><strong>tm</strong></span> <span class='ocrx_word' id='word_1_18' title='bbox 1741 1431 1875 1493; x_wconf 73' lang='lat' dir='ltr'><strong>m</strong></span> <span class='ocrx_word' id='word_1_19' title='bbox 1886 1417 1990 1496; x_wconf 72' lang='lat' dir='ltr'><strong>m</strong></span> 
     </span>
     <span class='ocr_line' id='line_1_5' title="bbox 474 1511 1958 1606; baseline 0.004 -18"><span class='ocrx_word' id='word_1_20' title='bbox 474 1513 516 1590; x_wconf 77' lang='lat' dir='ltr'><strong>etl</strong></span> <span class='ocrx_word' id='word_1_21' title='bbox 529 1513 657 1586; x_wconf 77' lang='lat' dir='ltr'><strong>tudun</strong></span> <span class='ocrx_word' id='word_1_22' title='bbox 673 1513 793 1581; x_wconf 77' lang='lat' dir='ltr'><strong>Stroua</strong></span> <span class='ocrx_word' id='word_1_23' title='bbox 806 1513 891 1584; x_wconf 75' lang='lat' dir='ltr'><strong>sitos</strong></span> <span class='ocrx_word' id='word_1_24' title='bbox 906 1512 1013 1599; x_wconf 79' lang='lat' dir='ltr'><strong>tmnt,</strong></span> <span class='ocrx_word' id='word_1_25' title='bbox 1030 1511 1210 1606; x_wconf 65' lang='lat' dir='ltr'><strong>summum</strong></span> <span class='ocrx_word' id='word_1_26' title='bbox 1223 1511 1318 1588; x_wconf 78' lang='lat' dir='ltr'><strong>sicuti</strong></span> <span class='ocrx_word' id='word_1_27' title='bbox 1331 1512 1451 1588; x_wconf 22' lang='lat' dir='ltr'><strong>eteius</strong></span> <span class='ocrx_word' id='word_1_28' title='bbox 1466 1513 1600 1605; x_wconf 69' lang='lat' dir='ltr'><strong>qucum</strong></span> <span class='ocrx_word' id='word_1_29' title='bbox 1612 1516 1733 1589; x_wconf 72' lang='lat' dir='ltr'><strong>uenus</strong></span> <span class='ocrx_word' id='word_1_30' title='bbox 1747 1517 1849 1592; x_wconf 71' lang='lat' dir='ltr'><strong>citou</strong></span> <span class='ocrx_word' id='word_1_31' title='bbox 1862 1519 1958 1594; x_wconf 74' lang='lat' dir='ltr'><strong>culce</strong></span> 
     </span>
     <span class='ocr_line' id='line_1_6' title="bbox 648 1613 2046 1732; baseline 0.003 -47"><span class='ocrx_word' id='word_1_32' title='bbox 648 1669 651 1676; x_wconf 94' lang='lat'>.</span> <span class='ocrx_word' id='word_1_33' title='bbox 694 1614 889 1688; x_wconf 82' lang='lat' dir='ltr'><strong>cltob&#39;nllbm</strong></span> <span class='ocrx_word' id='word_1_34' title='bbox 904 1615 943 1688; x_wconf 82' lang='lat' dir='ltr'><strong>dc</strong></span> <span class='ocrx_word' id='word_1_35' title='bbox 957 1615 1090 1732; x_wconf 72' lang='lat' dir='ltr'><strong>Pontos</strong></span> <span class='ocrx_word' id='word_1_36' title='bbox 1104 1614 1296 1710; x_wconf 73' lang='lat' dir='ltr'><strong>tenutisjm</strong></span> <span class='ocrx_word' id='word_1_37' title='bbox 1309 1613 1525 1688; x_wconf 71' lang='lat' dir='ltr'><strong>montonicum</strong></span> <span class='ocrx_word' id='word_1_38' title='bbox 1538 1615 1671 1708; x_wconf 56' lang='lat' dir='ltr'><strong>busitu</strong></span> <span class='ocrx_word' id='word_1_39' title='bbox 1685 1618 1736 1704; x_wconf 78' lang='lat'>(¹).</span> <span class='ocrx_word' id='word_1_40' title='bbox 2043 1667 2046 1671; x_wconf 87' lang='lat'><em>-</em></span> 
     </span>
    </p>
   </div>
   <div class='ocr_carea' id='block_1_5' title="bbox 343 1803 2031 1956">
    <p class='ocr_par' dir='ltr' id='par_1_5' title="bbox 343 1803 2031 1956">
     <span class='ocr_line' id='line_1_7' title="bbox 343 1803 2031 1956; baseline 0.015 -50"><span class='ocrx_word' id='word_1_41' title='bbox 343 1897 351 1906; x_wconf 91' lang='lat'><strong>.</strong></span> <span class='ocrx_word' id='word_1_42' title='bbox 401 1813 409 1926; x_wconf 66' lang='lat' dir='ltr'><em>J</em></span> <span class='ocrx_word' id='word_1_43' title='bbox 460 1863 463 1869; x_wconf 57' lang='grc'>’</span> <span class='ocrx_word' id='word_1_44' title='bbox 499 1839 542 1937; x_wconf 73' lang='lat' dir='ltr'><strong>ln</strong></span> <span class='ocrx_word' id='word_1_45' title='bbox 563 1839 713 1928; x_wconf 87' lang='lat' dir='ltr'><strong>nomine</strong></span> <span class='ocrx_word' id='word_1_46' title='bbox 732 1837 882 1942; x_wconf 90' lang='lat' dir='ltr'><strong>domini,</strong></span> <span class='ocrx_word' id='word_1_47' title='bbox 903 1865 1024 1930; x_wconf 78' lang='lat' dir='ltr'><strong>umen.</strong></span> <span class='ocrx_word' id='word_1_48' title='bbox 1077 1834 1138 1924; x_wconf 79' lang='lat' dir='ltr'><strong>Ad</strong></span> <span class='ocrx_word' id='word_1_49' title='bbox 1159 1803 1378 1954; x_wconf 73' lang='lat' dir='ltr'><strong>berpctuem</strong></span> <span class='ocrx_word' id='word_1_50' title='bbox 1399 1839 1454 1926; x_wconf 88' lang='lat' dir='ltr'><strong>rei</strong></span> <span class='ocrx_word' id='word_1_51' title='bbox 1475 1807 1704 1928; x_wconf 72' lang='lat' dir='ltr'><strong>memorium.</strong></span> <span class='ocrx_word' id='word_1_52' title='bbox 1753 1809 1950 1930; x_wconf 79' lang='lat' dir='ltr'><strong>lobnnncs</strong></span> <span class='ocrx_word' id='word_1_53' title='bbox 1968 1841 2031 1956; x_wconf 87' lang='lat' dir='ltr'><strong>dci</strong></span> 
     </span>
    </p>
   </div>
   <div class='ocr_carea' id='block_1_6' title="bbox 253 1953 2182 4441">
    <p class='ocr_par' dir='ltr' id='par_1_6' title="bbox 253 1953 2182 4441">
     <span class='ocr_line' id='line_1_8' title="bbox 445 1953 2030 2062; baseline 0.004 -18"><span class='ocrx_word' id='word_1_54' title='bbox 445 1953 535 2044; x_wconf 78' lang='lat' dir='ltr'><strong>aoia&#39;</strong></span> <span class='ocrx_word' id='word_1_55' title='bbox 549 1956 685 2044; x_wconf 82' lang='lat' dir='ltr'>Senior</span> <span class='ocrx_word' id='word_1_56' title='bbox 706 1953 782 2052; x_wconf 84' lang='lat' dir='ltr'><strong>dux</strong></span> <span class='ocrx_word' id='word_1_57' title='bbox 801 1953 979 2052; x_wconf 80' lang='lat' dir='ltr'><strong>Menouie</strong></span> <span class='ocrx_word' id='word_1_58' title='bbox 999 1969 1038 2044; x_wconf 90' lang='lat' dir='ltr'><strong>et</strong></span> <span class='ocrx_word' id='word_1_59' title='bbox 1055 1953 1196 2044; x_wconf 88' lang='lat' dir='ltr'><strong>Russie</strong></span> <span class='ocrx_word' id='word_1_60' title='bbox 1211 1971 1405 2062; x_wconf 83' lang='lat' dir='ltr'><strong>terrenum,</strong></span> <span class='ocrx_word' id='word_1_61' title='bbox 1426 1953 1600 2062; x_wconf 86' lang='lat' dir='ltr'><strong>dominus</strong></span> <span class='ocrx_word' id='word_1_62' title='bbox 1615 1957 1779 2049; x_wconf 83' lang='lat' dir='ltr'><strong>sthenes</strong></span> <span class='ocrx_word' id='word_1_63' title='bbox 1801 1960 2030 2053; x_wconf 81' lang='lat' dir='ltr'><strong>Czirncnsis.</strong></span> 
     </span>
     <span class='ocr_line' id='line_1_9' title="bbox 434 2067 2029 2276; baseline 0.006 -115"><span class='ocrx_word' id='word_1_64' title='bbox 434 2074 457 2161; x_wconf 97' lang='lat' dir='ltr'><strong>d</strong></span> <span class='ocrx_word' id='word_1_65' title='bbox 480 2075 652 2170; x_wconf 76' lang='lat' dir='ltr'>noticiam</span> <span class='ocrx_word' id='word_1_66' title='bbox 674 2075 834 2164; x_wconf 85' lang='lat' dir='ltr'><strong>omnium</strong></span> <span class='ocrx_word' id='word_1_67' title='bbox 855 2074 1208 2192; x_wconf 66' lang='lat' dir='ltr'><strong>tom&#39;presencium,</strong></span> <span class='ocrx_word' id='word_1_68' title='bbox 1230 2075 1572 2276; x_wconf 35' lang='lat' dir='ltr'><strong>quemluturorum</strong></span> <span class='ocrx_word' id='word_1_69' title='bbox 1593 2074 1815 2170; x_wconf 78' lang='lat' dir='ltr'><strong>deducimus</strong></span> <span class='ocrx_word' id='word_1_70' title='bbox 1835 2094 1873 2169; x_wconf 81' lang='lat' dir='ltr'><strong>ct</strong></span> <span class='ocrx_word' id='word_1_71' title='bbox 1892 2067 2029 2170; x_wconf 81' lang='lat' dir='ltr'><strong>deduci</strong></span> 
     </span>
     <span class='ocr_line' id='line_1_10' title="bbox 395 2191 2061 2307; baseline 0.006 -25"><span class='ocrx_word' id='word_1_72' title='bbox 395 2191 569 2292; x_wconf 86' lang='lat' dir='ltr'><strong>volumus</strong></span> <span class='ocrx_word' id='word_1_73' title='bbox 584 2192 756 2294; x_wconf 89' lang='lat' dir='ltr'><strong>omnibus</strong></span> <span class='ocrx_word' id='word_1_74' title='bbox 797 2191 895 2278; x_wconf 87' lang='lat' dir='ltr'><strong>elom</strong></span> <span class='ocrx_word' id='word_1_75' title='bbox 911 2207 948 2278; x_wconf 86' lang='lat' dir='ltr'><strong>et</strong></span> <span class='ocrx_word' id='word_1_76' title='bbox 964 2221 1147 2307; x_wconf 82' lang='lat' dir='ltr'><strong>expresse</strong></span> <span class='ocrx_word' id='word_1_77' title='bbox 1162 2220 1232 2305; x_wconf 84' lang='lat' dir='ltr'><strong>pro</strong></span> <span class='ocrx_word' id='word_1_78' title='bbox 1247 2205 1392 2281; x_wconf 70' lang='lat' dir='ltr'><strong>euntes.</strong></span> <span class='ocrx_word' id='word_1_79' title='bbox 1430 2191 1639 2303; x_wconf 84' lang='lat' dir='ltr'><strong>Quomodo</strong></span> <span class='ocrx_word' id='word_1_80' title='bbox 1655 2192 1905 2304; x_wconf 73' lang='lat' dir='ltr'><strong>considemus</strong></span> <span class='ocrx_word' id='word_1_81' title='bbox 1925 2209 1963 2284; x_wconf 87' lang='lat' dir='ltr'><strong>et</strong></span> <span class='ocrx_word' id='word_1_82' title='bbox 1978 2197 2061 2292; x_wconf 47' lang='lat' dir='ltr'><strong>ic*</strong></span> 
     </span>
     <span class='ocr_line' id='line_1_11' title="bbox 349 2222 2029 2429; baseline -0.002 -23"><span class='ocrx_word' id='word_1_83' title='bbox 349 2399 352 2406; x_wconf 91' lang='lat'><em>.</em></span> <span class='ocrx_word' id='word_1_84' title='bbox 394 2311 536 2429; x_wconf 89' lang='lat' dir='ltr'><strong>spectis</strong></span> <span class='ocrx_word' id='word_1_85' title='bbox 551 2311 679 2428; x_wconf 86' lang='lat' dir='ltr'><strong>pronis</strong></span> <span class='ocrx_word' id='word_1_86' title='bbox 695 2339 742 2396; x_wconf 87' lang='lat' dir='ltr'><strong>nc</strong></span> <span class='ocrx_word' id='word_1_87' title='bbox 759 2222 930 2397; x_wconf 80' lang='lat' dir='ltr'><strong>lidelibus</strong></span> <span class='ocrx_word' id='word_1_88' title='bbox 946 2308 1129 2424; x_wconf 81' lang='lat' dir='ltr'><strong>seruicijs,</strong></span> <span class='ocrx_word' id='word_1_89' title='bbox 1146 2307 1256 2396; x_wconf 88' lang='lat' dir='ltr'><strong>nobis</strong></span> <span class='ocrx_word' id='word_1_90' title='bbox 1271 2336 1340 2425; x_wconf 85' lang='lat' dir='ltr'><strong>per</strong></span> <span class='ocrx_word' id='word_1_91' title='bbox 1353 2303 1566 2398; x_wconf 67' lang='lat' dir='ltr'><strong>«Iohannem</strong></span> <span class='ocrx_word' id='word_1_92' title='bbox 1582 2312 1762 2402; x_wconf 77' lang='lat' dir='ltr'><strong>minorum</strong></span> <span class='ocrx_word' id='word_1_93' title='bbox 1772 2312 1856 2425; x_wconf 85' lang='lat' dir='ltr'><strong>(sic)</strong></span> <span class='ocrx_word' id='word_1_94' title='bbox 1872 2343 1896 2403; x_wconf 80' lang='lat' dir='ltr'><strong>a</strong></span> <span class='ocrx_word' id='word_1_95' title='bbox 1910 2319 2029 2402; x_wconf 73' lang='lat' dir='ltr'><strong>Pac</strong></span> 
     </span>
     <span class='ocr_line' id='line_1_12' title="bbox 394 2424 2030 2544; baseline 0.004 -29"><span class='ocrx_word' id='word_1_96' title='bbox 394 2435 515 2520; x_wconf 68' lang='lat' dir='ltr'><strong>enicet</strong></span> <span class='ocrx_word' id='word_1_97' title='bbox 535 2429 704 2516; x_wconf 76' lang='lat' dir='ltr'><strong>exhibitis</strong></span> <span class='ocrx_word' id='word_1_98' title='bbox 726 2425 884 2515; x_wconf 79' lang='lat' dir='ltr'><strong>fideliter</strong></span> <span class='ocrx_word' id='word_1_99' title='bbox 905 2443 943 2514; x_wconf 90' lang='lat' dir='ltr'><strong>et</strong></span> <span class='ocrx_word' id='word_1_100' title='bbox 962 2427 1149 2544; x_wconf 77' lang='lat' dir='ltr'><strong>inpensiS,</strong></span> <span class='ocrx_word' id='word_1_101' title='bbox 1181 2441 1219 2513; x_wconf 89' lang='lat' dir='ltr'><strong>et</strong></span> <span class='ocrx_word' id='word_1_102' title='bbox 1245 2426 1498 2541; x_wconf 85' lang='lat' dir='ltr'><strong>inposterum</strong></span> <span class='ocrx_word' id='word_1_103' title='bbox 1528 2424 1679 2518; x_wconf 84' lang='lat' dir='ltr'><strong>Christo</strong></span> <span class='ocrx_word' id='word_1_104' title='bbox 1708 2428 1809 2520; x_wconf 87' lang='lat' dir='ltr'><strong>duce</strong></span> <span class='ocrx_word' id='word_1_105' title='bbox 1838 2461 1912 2520; x_wconf 83' lang='lat' dir='ltr'><strong>une</strong></span> <span class='ocrx_word' id='word_1_106' title='bbox 1943 2461 2030 2528; x_wconf 86' lang='lat' dir='ltr'><strong>cum</strong></span> 
     </span>
     <span class='ocr_line' id='line_1_13' title="bbox 394 2541 2029 2666; baseline 0 -28"><span class='ocrx_word' id='word_1_107' title='bbox 394 2548 473 2638; x_wconf 88' lang='lat' dir='ltr'><strong>suis</strong></span> <span class='ocrx_word' id='word_1_108' title='bbox 493 2545 620 2637; x_wconf 84' lang='lat' dir='ltr'><strong>liberis</strong></span> <span class='ocrx_word' id='word_1_109' title='bbox 641 2573 688 2632; x_wconf 92' lang='lat' dir='ltr'><strong>eo</strong></span> <span class='ocrx_word' id='word_1_110' title='bbox 709 2544 868 2632; x_wconf 81' lang='lat' dir='ltr'><strong>celerius</strong></span> <span class='ocrx_word' id='word_1_111' title='bbox 888 2541 1152 2659; x_wconf 88' lang='lat' dir='ltr'><strong>inpendendis,</strong></span> <span class='ocrx_word' id='word_1_112' title='bbox 1173 2543 1255 2649; x_wconf 91' lang='lat' dir='ltr'><strong>sibi,</strong></span> <span class='ocrx_word' id='word_1_113' title='bbox 1276 2545 1545 2659; x_wconf 82' lang='lat' dir='ltr'><strong>premissorum</strong></span> <span class='ocrx_word' id='word_1_114' title='bbox 1566 2548 1779 2636; x_wconf 83' lang='lat' dir='ltr'><strong>meritorum</strong></span> <span class='ocrx_word' id='word_1_115' title='bbox 1800 2546 1850 2636; x_wconf 92' lang='lat' dir='ltr'><strong>ob</strong></span> <span class='ocrx_word' id='word_1_116' title='bbox 1868 2577 2029 2666; x_wconf 78' lang='lat' dir='ltr'><strong>respec-</strong></span> 
     </span>
     <span class='ocr_line' id='line_1_14' title="bbox 256 2660 2034 2780; baseline 0.003 -30"><span class='ocrx_word' id='word_1_117' title='bbox 256 2687 264 2694; x_wconf 84' lang='lat'><em>·</em></span> <span class='ocrx_word' id='word_1_118' title='bbox 393 2679 483 2766; x_wconf 87' lang='lat' dir='ltr'><strong>tum,</strong></span> <span class='ocrx_word' id='word_1_119' title='bbox 507 2677 545 2748; x_wconf 88' lang='lat' dir='ltr'><strong>et</strong></span> <span class='ocrx_word' id='word_1_120' title='bbox 558 2663 675 2778; x_wconf 89' lang='lat' dir='ltr'><strong>ipsius</strong></span> <span class='ocrx_word' id='word_1_121' title='bbox 695 2661 820 2777; x_wconf 81' lang='lat' dir='ltr'><strong>pueris</strong></span> <span class='ocrx_word' id='word_1_122' title='bbox 841 2660 963 2748; x_wconf 89' lang='lat' dir='ltr'><strong>decim</strong></span> <span class='ocrx_word' id='word_1_123' title='bbox 984 2689 1140 2749; x_wconf 88' lang='lat' dir='ltr'><strong>mensos</strong></span> <span class='ocrx_word' id='word_1_124' title='bbox 1160 2691 1337 2749; x_wconf 84' lang='lat' dir='ltr'><strong>mensure</strong></span> <span class='ocrx_word' id='word_1_125' title='bbox 1358 2660 1585 2752; x_wconf 85' lang='lat' dir='ltr'><strong>cholmensis</strong></span> <span class='ocrx_word' id='word_1_126' title='bbox 1604 2693 1720 2780; x_wconf 78' lang='lat' dir='ltr'><strong>snper</strong></span> <span class='ocrx_word' id='word_1_127' title='bbox 1739 2663 1852 2752; x_wconf 79' lang='lat' dir='ltr'><strong>dumo</strong></span> <span class='ocrx_word' id='word_1_128' title='bbox 1873 2669 2034 2756; x_wconf 76' lang='lat' dir='ltr'><strong>Strodu·</strong></span> 
     </span>
     <span class='ocr_line' id='line_1_15' title="bbox 392 2777 2028 2899; baseline 0.001 -27"><span class='ocrx_word' id='word_1_129' title='bbox 392 2785 583 2872; x_wconf 65' lang='lat' dir='ltr'><strong>muotou</strong></span> <span class='ocrx_word' id='word_1_130' title='bbox 611 2807 732 2896; x_wconf 81' lang='lat' dir='ltr'><strong>prope</strong></span> <span class='ocrx_word' id='word_1_131' title='bbox 766 2809 790 2864; x_wconf 86' lang='lat' dir='ltr'><strong>e</strong></span> <span class='ocrx_word' id='word_1_132' title='bbox 819 2777 1022 2898; x_wconf 83' lang='lat' dir='ltr'><strong>Nouigrod</strong></span> <span class='ocrx_word' id='word_1_133' title='bbox 1053 2779 1242 2885; x_wconf 80' lang='lat' dir='ltr'><strong>iacentes„</strong></span> <span class='ocrx_word' id='word_1_134' title='bbox 1273 2780 1390 2871; x_wconf 84' lang='lat' dir='ltr'><strong>nostri</strong></span> <span class='ocrx_word' id='word_1_135' title='bbox 1422 2780 1501 2867; x_wconf 81' lang='lat' dir='ltr'><strong>ueri</strong></span> <span class='ocrx_word' id='word_1_136' title='bbox 1532 2778 1692 2872; x_wconf 81' lang='lat' dir='ltr'><strong>ducatus</strong></span> <span class='ocrx_word' id='word_1_137' title='bbox 1719 2794 1757 2868; x_wconf 90' lang='lat' dir='ltr'><strong>et</strong></span> <span class='ocrx_word' id='word_1_138' title='bbox 1785 2779 1961 2899; x_wconf 84' lang='lat' dir='ltr'><strong>dominij,</strong></span> <span class='ocrx_word' id='word_1_139' title='bbox 1984 2781 2028 2882; x_wconf 64' lang='lat' dir='ltr'><strong>‚iu</strong></span> 
     </span>
     <span class='ocr_line' id='line_1_16' title="bbox 393 2895 2029 3018; baseline 0.002 -30"><span class='ocrx_word' id='word_1_140' title='bbox 393 2901 549 3018; x_wconf 83' lang='lat' dir='ltr'><strong>longum</strong></span> <span class='ocrx_word' id='word_1_141' title='bbox 569 2910 608 2986; x_wconf 87' lang='lat' dir='ltr'><strong>et</strong></span> <span class='ocrx_word' id='word_1_142' title='bbox 623 2898 747 3002; x_wconf 83' lang='lat' dir='ltr'><strong>latum,</strong></span> <span class='ocrx_word' id='word_1_143' title='bbox 768 2897 880 3000; x_wconf 90' lang='lat' dir='ltr'><strong>veluti</strong></span> <span class='ocrx_word' id='word_1_144' title='bbox 898 2895 1055 3013; x_wconf 82' lang='lat' dir='ltr'><strong>predicti</strong></span> <span class='ocrx_word' id='word_1_145' title='bbox 1070 2895 1209 2986; x_wconf 85' lang='lat' dir='ltr'><strong>decem</strong></span> <span class='ocrx_word' id='word_1_146' title='bbox 1225 2898 1345 2988; x_wconf 82' lang='lat' dir='ltr'><strong>mansi</strong></span> <span class='ocrx_word' id='word_1_147' title='bbox 1362 2896 1749 2998; x_wconf 75' lang='lat' dir='ltr'><strong>circumferenciuliter</strong></span> <span class='ocrx_word' id='word_1_148' title='bbox 1763 2914 1854 2990; x_wconf 85' lang='lat' dir='ltr'><strong>sunt</strong></span> <span class='ocrx_word' id='word_1_149' title='bbox 1866 2897 2029 2993; x_wconf 85' lang='lat' dir='ltr'><strong>distincti</strong></span> 
     </span>
     <span class='ocr_line' id='line_1_17' title="bbox 393 3013 2029 3136; baseline 0.002 -32"><span class='ocrx_word' id='word_1_150' title='bbox 393 3029 432 3110; x_wconf 83' lang='lat' dir='ltr'><strong>et</strong></span> <span class='ocrx_word' id='word_1_151' title='bbox 450 3016 588 3106; x_wconf 79' lang='lat' dir='ltr'><strong>limitati</strong></span> <span class='ocrx_word' id='word_1_152' title='bbox 608 3015 796 3122; x_wconf 79' lang='lat' dir='ltr'><strong>dedimus,</strong></span> <span class='ocrx_word' id='word_1_153' title='bbox 818 3014 973 3122; x_wconf 82' lang='lat' dir='ltr'><strong>demus,</strong></span> <span class='ocrx_word' id='word_1_154' title='bbox 1001 3013 1205 3123; x_wconf 84' lang='lat' dir='ltr'><strong>donamus,</strong></span> <span class='ocrx_word' id='word_1_155' title='bbox 1225 3016 1451 3107; x_wconf 81' lang='lat' dir='ltr'><strong>ascribimus</strong></span> <span class='ocrx_word' id='word_1_156' title='bbox 1461 3032 1509 3106; x_wconf 82' lang='lat' dir='ltr'><strong>et</strong></span> <span class='ocrx_word' id='word_1_157' title='bbox 1526 3019 1818 3136; x_wconf 74' lang='lat' dir='ltr'><strong>oppropricmus</strong></span> <span class='ocrx_word' id='word_1_158' title='bbox 1832 3033 2029 3136; x_wconf 61' lang='lat' dir='ltr'><strong>¹[ternosue</strong></span> 
     </span>
     <span class='ocr_line' id='line_1_18' title="bbox 393 3134 2025 3252; baseline 0.001 -28"><span class='ocrx_word' id='word_1_159' title='bbox 393 3150 432 3224; x_wconf 87' lang='lat' dir='ltr'><strong>et</strong></span> <span class='ocrx_word' id='word_1_160' title='bbox 450 3137 598 3238; x_wconf 87' lang='lat' dir='ltr'><strong>inewm,</strong></span> <span class='ocrx_word' id='word_1_161' title='bbox 618 3165 702 3224; x_wconf 90' lang='lat' dir='ltr'><strong>cum</strong></span> <span class='ocrx_word' id='word_1_162' title='bbox 720 3134 892 3224; x_wconf 92' lang='lat' dir='ltr'><strong>omnibus</strong></span> <span class='ocrx_word' id='word_1_163' title='bbox 912 3135 1136 3237; x_wconf 67' lang='lat' dir='ltr'><strong>utilitatibus,</strong></span> <span class='ocrx_word' id='word_1_164' title='bbox 1157 3135 1354 3240; x_wconf 77' lang='lat' dir='ltr'><strong>lructibuS,</strong></span> <span class='ocrx_word' id='word_1_165' title='bbox 1375 3135 1638 3252; x_wconf 82' lang='lat' dir='ltr'><strong>presentibus,</strong></span> <span class='ocrx_word' id='word_1_166' title='bbox 1658 3134 1883 3240; x_wconf 75' lang='lat' dir='ltr'><strong>redditibus,</strong></span> <span class='ocrx_word' id='word_1_167' title='bbox 1898 3136 2025 3224; x_wconf 64' lang='lat' dir='ltr'><strong>ceus-</strong></span> 
     </span>
     <span class='ocr_line' id='line_1_19' title="bbox 393 3251 2026 3372; baseline -0.001 -30"><span class='ocrx_word' id='word_1_168' title='bbox 393 3254 486 3356; x_wconf 91' lang='lat' dir='ltr'><strong>bus,</strong></span> <span class='ocrx_word' id='word_1_169' title='bbox 510 3253 657 3357; x_wconf 84' lang='lat' dir='ltr'><strong>usibus,</strong></span> <span class='ocrx_word' id='word_1_170' title='bbox 679 3251 922 3363; x_wconf 80' lang='lat' dir='ltr'><strong>einolimentis</strong></span> <span class='ocrx_word' id='word_1_171' title='bbox 943 3267 981 3340; x_wconf 86' lang='lat' dir='ltr'><strong>el</strong></span> <span class='ocrx_word' id='word_1_172' title='bbox 1000 3253 1303 3340; x_wconf 89' lang='lat' dir='ltr'><strong>obuencionibus·</strong></span> <span class='ocrx_word' id='word_1_173' title='bbox 1349 3252 1549 3343; x_wconf 84' lang='lat' dir='ltr'><strong>cncreliter</strong></span> <span class='ocrx_word' id='word_1_174' title='bbox 1567 3255 1764 3360; x_wconf 85' lang='lat' dir='ltr'><strong>uniuersis,</strong></span> <span class='ocrx_word' id='word_1_175' title='bbox 1786 3255 2026 3372; x_wconf 84' lang='lat' dir='ltr'><strong>quibuscum·</strong></span> 
     </span>
     <span class='ocr_line' id='line_1_20' title="bbox 253 3281 2028 3490; baseline 0.001 -34"><span class='ocrx_word' id='word_1_176' title='bbox 253 3417 256 3422; x_wconf 17' lang='grc' dir='ltr'><strong>Δ</strong></span> <span class='ocrx_word' id='word_1_177' title='bbox 395 3402 470 3490; x_wconf 92' lang='lat' dir='ltr'><strong>que</strong></span> <span class='ocrx_word' id='word_1_178' title='bbox 491 3371 684 3458; x_wconf 85' lang='lat' dir='ltr'><strong>vocabulis</strong></span> <span class='ocrx_word' id='word_1_179' title='bbox 711 3373 938 3476; x_wconf 80' lang='lat' dir='ltr'><strong>vocitentur,</strong></span> <span class='ocrx_word' id='word_1_180' title='bbox 968 3370 1084 3459; x_wconf 94' lang='lat' dir='ltr'><strong>modo</strong></span> <span class='ocrx_word' id='word_1_181' title='bbox 1109 3369 1277 3460; x_wconf 88' lang='lat' dir='ltr'><strong>indictis</strong></span> <span class='ocrx_word' id='word_1_182' title='bbox 1305 3281 1439 3462; x_wconf 64' lang='lat' dir='ltr'><strong>elecem</strong></span> <span class='ocrx_word' id='word_1_183' title='bbox 1467 3372 1608 3473; x_wconf 78' lang='lat' dir='ltr'><strong>mensis</strong></span> <span class='ocrx_word' id='word_1_184' title='bbox 1635 3373 1912 3478; x_wconf 82' lang='lat' dir='ltr'><strong>existentibus,</strong></span> <span class='ocrx_word' id='word_1_185' title='bbox 1931 3384 1972 3456; x_wconf 89' lang='lat' dir='ltr'><strong>ct</strong></span> <span class='ocrx_word' id='word_1_186' title='bbox 1987 3371 2028 3462; x_wconf 90' lang='lat' dir='ltr'><strong>iu</strong></span> 
     </span>
     <span class='ocr_line' id='line_1_21' title="bbox 393 3485 2028 3610; baseline 0 -34"><span class='ocrx_word' id='word_1_187' title='bbox 393 3501 587 3609; x_wconf 84' lang='lat' dir='ltr'><strong>posterum</strong></span> <span class='ocrx_word' id='word_1_188' title='bbox 609 3489 898 3606; x_wconf 79' lang='lat' dir='ltr'><strong>perhumanum</strong></span> <span class='ocrx_word' id='word_1_189' title='bbox 919 3488 1191 3578; x_wconf 73' lang='lat' dir='ltr'><strong>discussionem</strong></span> <span class='ocrx_word' id='word_1_190' title='bbox 1214 3488 1495 3610; x_wconf 84' lang='lat' dir='ltr'><strong>quomodolibet</strong></span> <span class='ocrx_word' id='word_1_191' title='bbox 1514 3485 1803 3595; x_wconf 75' lang='lat' dir='ltr'><strong>accrescendis,</strong></span> <span class='ocrx_word' id='word_1_192' title='bbox 1834 3487 2028 3606; x_wconf 83' lang='lat' dir='ltr'><strong>mellilicijs</strong></span> 
     </span>
     <span class='ocr_line' id='line_1_22' title="bbox 364 3605 2025 3725; baseline -0.003 -27"><span class='ocrx_word' id='word_1_193' title='bbox 364 3613 366 3616; x_wconf 76' lang='grc'><strong>’</strong></span> <span class='ocrx_word' id='word_1_194' title='bbox 393 3607 474 3698; x_wconf 89' lang='lat' dir='ltr'><strong>siue</strong></span> <span class='ocrx_word' id='word_1_195' title='bbox 494 3609 682 3722; x_wconf 85' lang='lat' dir='ltr'><strong>epistcrijs</strong></span> <span class='ocrx_word' id='word_1_196' title='bbox 703 3607 921 3724; x_wconf 82' lang='lat' dir='ltr'><strong>demptuxet</strong></span> <span class='ocrx_word' id='word_1_197' title='bbox 940 3608 1128 3723; x_wconf 83' lang='lat' dir='ltr'><strong>exceptis,</strong></span> <span class='ocrx_word' id='word_1_198' title='bbox 1161 3639 1241 3725; x_wconf 84' lang='lat' dir='ltr'><strong>quc¹</strong></span> <span class='ocrx_word' id='word_1_199' title='bbox 1261 3639 1330 3725; x_wconf 86' lang='lat' dir='ltr'><strong>pro</strong></span> <span class='ocrx_word' id='word_1_200' title='bbox 1353 3607 1467 3698; x_wconf 89' lang='lat' dir='ltr'><strong>nobis</strong></span> <span class='ocrx_word' id='word_1_201' title='bbox 1498 3620 1537 3693; x_wconf 85' lang='lat' dir='ltr'><strong>et</strong></span> <span class='ocrx_word' id='word_1_202' title='bbox 1563 3608 1704 3697; x_wconf 81' lang='lat' dir='ltr'><strong>nostris</strong></span> <span class='ocrx_word' id='word_1_203' title='bbox 1732 3605 2025 3696; x_wconf 80' lang='lat' dir='ltr'><strong>successoribus</strong></span> 
     </span>
     <span class='ocr_line' id='line_1_23' title="bbox 393 3723 2024 3844; baseline -0.001 -33"><span class='ocrx_word' id='word_1_204' title='bbox 393 3753 646 3838; x_wconf 83' lang='lat' dir='ltr'><strong>reseruemus.</strong></span> <span class='ocrx_word' id='word_1_205' title='bbox 699 3723 830 3836; x_wconf 87' lang='lat' dir='ltr'><strong>Quene</strong></span> <span class='ocrx_word' id='word_1_206' title='bbox 851 3726 899 3811; x_wconf 90' lang='lat' dir='ltr'><strong>sit</strong></span> <span class='ocrx_word' id='word_1_207' title='bbox 917 3725 1053 3812; x_wconf 91' lang='lat' dir='ltr'><strong>licitum</strong></span> <span class='ocrx_word' id='word_1_208' title='bbox 1073 3724 1234 3813; x_wconf 86' lang='lat' dir='ltr'><strong>dohenni</strong></span> <span class='ocrx_word' id='word_1_209' title='bbox 1255 3724 1436 3843; x_wconf 86' lang='lat' dir='ltr'><strong>predicto,</strong></span> <span class='ocrx_word' id='word_1_210' title='bbox 1461 3737 1500 3812; x_wconf 90' lang='lat' dir='ltr'><strong>et</strong></span> <span class='ocrx_word' id='word_1_211' title='bbox 1519 3725 1637 3841; x_wconf 85' lang='lat' dir='ltr'><strong>ipsius</strong></span> <span class='ocrx_word' id='word_1_212' title='bbox 1657 3724 1848 3844; x_wconf 77' lang='lat' dir='ltr'><strong>legittimis</strong></span> <span class='ocrx_word' id='word_1_213' title='bbox 1868 3737 2024 3810; x_wconf 61' lang='lat' dir='ltr'><strong>succes</strong></span> 
     </span>
     <span class='ocr_line' id='line_1_24' title="bbox 392 3839 2025 3962; baseline -0.002 -32"><span class='ocrx_word' id='word_1_214' title='bbox 392 3842 544 3930; x_wconf 82' lang='lat' dir='ltr'><strong>sonibus</strong></span> <span class='ocrx_word' id='word_1_215' title='bbox 575 3839 708 3928; x_wconf 86' lang='lat' dir='ltr'><strong>decem</strong></span> <span class='ocrx_word' id='word_1_216' title='bbox 739 3869 893 3927; x_wconf 86' lang='lat' dir='ltr'><strong>mensos</strong></span> <span class='ocrx_word' id='word_1_217' title='bbox 923 3840 1116 3958; x_wconf 83' lang='lat' dir='ltr'><strong>predictos</strong></span> <span class='ocrx_word' id='word_1_218' title='bbox 1146 3856 1297 3948; x_wconf 88' lang='lat' dir='ltr'><strong>tenere,</strong></span> <span class='ocrx_word' id='word_1_219' title='bbox 1329 3841 1491 3946; x_wconf 83' lang='lat' dir='ltr'><strong>hebere,</strong></span> <span class='ocrx_word' id='word_1_220' title='bbox 1521 3871 1680 3962; x_wconf 80' lang='lat' dir='ltr'><strong>regere,</strong></span> <span class='ocrx_word' id='word_1_221' title='bbox 1711 3843 1946 3962; x_wconf 77' lang='lat' dir='ltr'><strong>gubernare,</strong></span> <span class='ocrx_word' id='word_1_222' title='bbox 1975 3869 2025 3927; x_wconf 84' lang='lat' dir='ltr'><strong>ec</strong></span> 
     </span>
     <span class='ocr_line' id='line_1_25' title="bbox 392 3957 2025 4080; baseline -0.002 -32"><span class='ocrx_word' id='word_1_223' title='bbox 392 3957 558 4080; x_wconf 80' lang='lat' dir='ltr'><strong>pacifice.</strong></span> <span class='ocrx_word' id='word_1_224' title='bbox 573 3973 611 4048; x_wconf 90' lang='lat' dir='ltr'><strong>et</strong></span> <span class='ocrx_word' id='word_1_225' title='bbox 632 3960 756 4079; x_wconf 89' lang='lat' dir='ltr'><strong>quiete</strong></span> <span class='ocrx_word' id='word_1_226' title='bbox 776 3957 1006 4076; x_wconf 85' lang='lat' dir='ltr'><strong>temporibus</strong></span> <span class='ocrx_word' id='word_1_227' title='bbox 1026 3961 1218 4076; x_wconf 83' lang='lat' dir='ltr'><strong>perpetuis</strong></span> <span class='ocrx_word' id='word_1_228' title='bbox 1239 3959 1459 4077; x_wconf 84' lang='lat' dir='ltr'><strong>possidere,</strong></span> <span class='ocrx_word' id='word_1_229' title='bbox 1491 3989 1564 4047; x_wconf 90' lang='lat' dir='ltr'><strong>nec</strong></span> <span class='ocrx_word' id='word_1_230' title='bbox 1584 3990 1660 4048; x_wconf 92' lang='lat' dir='ltr'><strong>non</strong></span> <span class='ocrx_word' id='word_1_231' title='bbox 1680 3959 1867 4064; x_wconf 85' lang='lat' dir='ltr'><strong>vendere,</strong></span> <span class='ocrx_word' id='word_1_232' title='bbox 1897 3987 2025 4046; x_wconf 91' lang='lat' dir='ltr'><strong>cumu-</strong></span> 
     </span>
     <span class='ocr_line' id='line_1_26' title="bbox 392 4075 2182 4197; baseline -0.002 -32"><span class='ocrx_word' id='word_1_233' title='bbox 392 4093 493 4182; x_wconf 84' lang='lat' dir='ltr'><strong>tere,</strong></span> <span class='ocrx_word' id='word_1_234' title='bbox 524 4076 690 4182; x_wconf 84' lang='lat' dir='ltr'><strong>donare,</strong></span> <span class='ocrx_word' id='word_1_235' title='bbox 722 4077 908 4181; x_wconf 83' lang='lat' dir='ltr'><strong>alienare,</strong></span> <span class='ocrx_word' id='word_1_236' title='bbox 939 4075 1132 4197; x_wconf 78' lang='lat' dir='ltr'><strong>obligare,</strong></span> <span class='ocrx_word' id='word_1_237' title='bbox 1162 4092 1199 4164; x_wconf 91' lang='lat' dir='ltr'><strong>et</strong></span> <span class='ocrx_word' id='word_1_238' title='bbox 1219 4075 1268 4164; x_wconf 85' lang='lat' dir='ltr'><strong>ad</strong></span> <span class='ocrx_word' id='word_1_239' title='bbox 1290 4107 1382 4165; x_wconf 89' lang='lat' dir='ltr'><strong>usus</strong></span> <span class='ocrx_word' id='word_1_240' title='bbox 1403 4107 1496 4166; x_wconf 89' lang='lat' dir='ltr'><strong>suos</strong></span> <span class='ocrx_word' id='word_1_241' title='bbox 1516 4077 1776 4196; x_wconf 82' lang='lat' dir='ltr'><strong>beneplacitos</strong></span> <span class='ocrx_word' id='word_1_242' title='bbox 1807 4091 1845 4166; x_wconf 90' lang='lat' dir='ltr'><strong>et</strong></span> <span class='ocrx_word' id='word_1_243' title='bbox 1871 4105 2026 4164; x_wconf 86' lang='lat' dir='ltr'><strong>suorum</strong></span> <span class='ocrx_word' id='word_1_244' title='bbox 2132 4155 2140 4162; x_wconf 89' lang='lat'>.</span> <span class='ocrx_word' id='word_1_245' title='bbox 2179 4130 2182 4139; x_wconf 92' lang='lat'>·</span> 
     </span>
     <span class='ocr_line' id='line_1_27' title="bbox 391 4193 2026 4315; baseline -0.003 -31"><span class='ocrx_word' id='word_1_246' title='bbox 391 4224 658 4284; x_wconf 83' lang='lat' dir='ltr'><strong>successorum</strong></span> <span class='ocrx_word' id='word_1_247' title='bbox 681 4210 915 4301; x_wconf 87' lang='lat' dir='ltr'><strong>conuertere,</strong></span> <span class='ocrx_word' id='word_1_248' title='bbox 936 4210 1052 4314; x_wconf 82' lang='lat' dir='ltr'><strong>prout</strong></span> <span class='ocrx_word' id='word_1_249' title='bbox 1067 4195 1137 4283; x_wconf 90' lang='lat' dir='ltr'><strong>sibi</strong></span> <span class='ocrx_word' id='word_1_250' title='bbox 1158 4211 1196 4282; x_wconf 89' lang='lat' dir='ltr'><strong>et</strong></span> <span class='ocrx_word' id='word_1_251' title='bbox 1209 4197 1327 4313; x_wconf 88' lang='lat' dir='ltr'><strong>ipsius</strong></span> <span class='ocrx_word' id='word_1_252' title='bbox 1346 4197 1474 4315; x_wconf 86' lang='lat' dir='ltr'><strong>pueris</strong></span> <span class='ocrx_word' id='word_1_253' title='bbox 1495 4195 1626 4284; x_wconf 89' lang='lat' dir='ltr'><strong>melius</strong></span> <span class='ocrx_word' id='word_1_254' title='bbox 1647 4211 1684 4284; x_wconf 90' lang='lat' dir='ltr'><strong>ct</strong></span> <span class='ocrx_word' id='word_1_255' title='bbox 1698 4195 1820 4282; x_wconf 90' lang='lat' dir='ltr'><strong>utilius</strong></span> <span class='ocrx_word' id='word_1_256' title='bbox 1840 4193 2026 4282; x_wconf 87' lang='lat' dir='ltr'><strong>videbitur</strong></span> 
     </span>
     <span class='ocr_line' id='line_1_28' title="bbox 392 4310 2024 4441; baseline -0.002 -41"><span class='ocrx_word' id='word_1_257' title='bbox 392 4310 580 4432; x_wconf 85' lang='lat' dir='ltr'><strong>expedire,</strong></span> <span class='ocrx_word' id='word_1_258' title='bbox 601 4312 670 4441; x_wconf 86' lang='lat' dir='ltr'><strong>sed</strong></span> <span class='ocrx_word' id='word_1_259' title='bbox 687 4330 816 4412; x_wconf 81' lang='lat' dir='ltr'><strong>nostre</strong></span> <span class='ocrx_word' id='word_1_260' title='bbox 833 4329 1123 4434; x_wconf 85' lang='lat' dir='ltr'><strong>nostrorumque</strong></span> <span class='ocrx_word' id='word_1_261' title='bbox 1139 4344 1405 4404; x_wconf 86' lang='lat' dir='ltr'><strong>successorum</strong></span> <span class='ocrx_word' id='word_1_262' title='bbox 1421 4313 1605 4420; x_wconf 74' lang='lat' dir='ltr'><strong>solentne,</strong></span> <span class='ocrx_word' id='word_1_263' title='bbox 1627 4341 1733 4400; x_wconf 85' lang='lat' dir='ltr'><strong>more</strong></span> <span class='ocrx_word' id='word_1_264' title='bbox 1749 4312 1870 4417; x_wconf 91' lang='lat' dir='ltr'><strong>solito,</strong></span> <span class='ocrx_word' id='word_1_265' title='bbox 1886 4310 2024 4429; x_wconf 81' lang='lat' dir='ltr'><strong>requini</strong></span> 
     </span>
    </p>
   </div>
   <div class='ocr_carea' id='block_1_7' title="bbox 392 4574 2026 4852">
    <p class='ocr_par' dir='ltr' id='par_1_7' title="bbox 392 4574 2026 4852">
     <span class='ocr_line' id='line_1_29' title="bbox 493 4574 2026 4691; baseline -0.004 -25"><span class='ocrx_word' id='word_1_266' title='bbox 493 4597 535 4682; x_wconf 81' lang='lat'><strong>(¹)</strong></span> <span class='ocrx_word' id='word_1_267' title='bbox 564 4597 612 4665; x_wconf 81' lang='lat' dir='ltr'><strong>Ex</strong></span> <span class='ocrx_word' id='word_1_268' title='bbox 627 4596 790 4683; x_wconf 73' lang='lat' dir='ltr'><strong>archetypo</strong></span> <span class='ocrx_word' id='word_1_269' title='bbox 806 4595 1039 4662; x_wconf 75' lang='lat' dir='ltr'><strong>membranaceo</strong></span> <span class='ocrx_word' id='word_1_270' title='bbox 1053 4596 1084 4662; x_wconf 91' lang='lat' dir='ltr'><strong>in</strong></span> <span class='ocrx_word' id='word_1_271' title='bbox 1096 4597 1287 4672; x_wconf 69' lang='lat' dir='ltr'><strong>lemoviensi</strong></span> <span class='ocrx_word' id='word_1_272' title='bbox 1302 4597 1453 4664; x_wconf 77' lang='lat' dir='ltr'><strong>tabulario</strong></span> <span class='ocrx_word' id='word_1_273' title='bbox 1467 4595 1589 4681; x_wconf 83' lang='lat' dir='ltr'><strong>publico</strong></span> <span class='ocrx_word' id='word_1_274' title='bbox 1609 4574 1710 4682; x_wconf 79' lang='lat' dir='ltr'><strong>Regni</strong></span> <span class='ocrx_word' id='word_1_275' title='bbox 1730 4594 1876 4662; x_wconf 80' lang='lat' dir='ltr'><strong>Polonlne</strong></span> <span class='ocrx_word' id='word_1_276' title='bbox 1892 4592 1948 4662; x_wconf 72' lang='lat' dir='ltr'><strong>Nm</strong></span> <span class='ocrx_word' id='word_1_277' title='bbox 1961 4591 2026 4691; x_wconf 79' lang='grc'><strong>666</strong></span> 
     </span>
     <span class='ocr_line' id='line_1_30' title="bbox 392 4665 2025 4852; baseline -0.004 -101"><span class='ocrx_word' id='word_1_278' title='bbox 392 4689 571 4852; x_wconf 63' lang='lat' dir='ltr'><strong>iiiiiiiin</strong></span> <span class='ocrx_word' id='word_1_279' title='bbox 596 4681 733 4768; x_wconf 81' lang='lat' dir='ltr'><strong>Sigillum</strong></span> <span class='ocrx_word' id='word_1_280' title='bbox 749 4679 864 4766; x_wconf 78' lang='lat' dir='ltr'><strong>an‘us,</strong></span> <span class='ocrx_word' id='word_1_281' title='bbox 885 4699 947 4765; x_wconf 89' lang='lat' dir='ltr'><strong>quo</strong></span> <span class='ocrx_word' id='word_1_282' title='bbox 962 4679 1054 4748; x_wconf 84' lang='lat' dir='ltr'><strong>duces</strong></span> <span class='ocrx_word' id='word_1_283' title='bbox 1074 4680 1232 4751; x_wconf 78' lang='lat' dir='ltr'><strong>Musonius</strong></span> <span class='ocrx_word' id='word_1_284' title='bbox 1246 4682 1335 4766; x_wconf 79' lang='lat' dir='ltr'><strong>vulgo</strong></span> <span class='ocrx_word' id='word_1_285' title='bbox 1350 4681 1523 4758; x_wconf 84' lang='lat' dir='ltr'><strong>utcbentur,</strong></span> <span class='ocrx_word' id='word_1_286' title='bbox 1544 4679 1680 4750; x_wconf 78' lang='lat' dir='ltr'><strong>funiculo</strong></span> <span class='ocrx_word' id='word_1_287' title='bbox 1701 4681 1799 4748; x_wconf 83' lang='lat' dir='ltr'><strong>scrico</strong></span> <span class='ocrx_word' id='word_1_288' title='bbox 1815 4665 1900 4748; x_wconf 78' lang='lat' dir='ltr'><strong>rubri</strong></span> <span class='ocrx_word' id='word_1_289' title='bbox 1914 4677 2025 4746; x_wconf 81' lang='lat' dir='ltr'><strong>coloro</strong></span> 
     </span>
    </p>
   </div>
   <div class='ocr_carea' id='block_1_8' title="bbox 0 0 2394 5952">
    <p class='ocr_par' dir='ltr' id='par_1_8' title="bbox 0 0 2394 5952">
     <span class='ocr_line' id='line_1_31' title="bbox 0 0 2394 5952; baseline 0 2"><span class='ocrx_word' id='word_1_290' title='bbox 0 0 2394 5952; x_wconf 95' lang='lat' dir='ltr'><strong> </strong></span> 
     </span>
    </p>
   </div>
  </div>
 </body>
</html>
