4778 5952
1074 723 1127 849 ¹-
1182 791 1257 870 223
1311 837 1356 849 -

1120 1079 1316 1194 cxxvi.

521 1351 595 1432 lm
619 1282 762 1432 ottto
786 1345 1066 1441 Plomma,
1093 1365 1248 1431 ummo
1275 1342 1427 1431 1363
1453 1348 1504 1429 rt.
1531 1343 1607 1432 23
1635 1368 1705 1430 m.
1731 1348 1908 1453 domn.
2025 1371 2029 1379 ¹

399 1549 660 1622 oswaldus
680 1549 878 1624 onounu
893 1547 932 1622 dc
947 1550 1074 1617 stonum
1088 1550 1197 1624 rendit
1210 1544 1437 1624 neumarum
1451 1549 1528 1622 vitto
1542 1565 1601 1623 rur
1614 1551 1752 1618 Procae
1766 1549 1925 1639 ruptum
1941 1549 2026 1622 licto

458 1649 733 1746 Wojcicctonioz,
747 1649 1065 1744 numericorum
1080 1649 1488 1742 commissoribus
1502 1649 1905 1745 noxtctoniacccnllrnrt
1920 1651 1971 1735 (¹).
2078 1677 2081 1686 ·

500 1879 604 1960 1456.
646 1871 687 1960 ln
704 1877 852 1963 nomine
868 1873 1019 1979 domini,
1034 1905 1156 1962 amen.
1185 1875 1245 1962 Ad
1263 1889 1481 1991 perpetuam
1495 1876 1549 1960 rei
1564 1875 1788 1960 memoriam.
1810 1870 1963 1991 Regum
1979 1903 2027 1961 oo

399 1991 603 2106 principum
625 1991 826 2080 liberalitas
847 1993 1092 2112 multipliciter
1113 1990 1406 2096 commendatur,
1434 1995 1466 2082 si
1487 2008 1599 2108 grata
1620 1991 1831 2080 deuocione
1852 1991 2026 2079 beniuolo

398 2105 639 2196 confirmacio
664 2140 712 2196 ao
731 2111 932 2200 innouaoio
952 2113 1154 2198 litterarum
1176 2111 1438 2226 subsequatur.
1487 2107 1654 2196 Proinde
1684 2108 1770 2198 Nos
1801 2109 2025 2216 Kazimirus‚

398 2223 459 2310 dei
481 2229 614 2343 gracia
645 2225 730 2314 Rex
750 2227 929 2332 Polonie‚
961 2257 1127 2315 necnon
1149 2243 1331 2316 terrarum
1353 2226 1560 2332 Craoouie,
1590 2227 1844 2332 Sandomirie‚
1866 2227 2026 2329 Siradie‚

396 2339 573 2430 Lancicie
594 2345 782 2460 Coponio,
806 2345 974 2464 lllagnus
996 2346 1072 2432 dux
1092 2345 1321 2449 Lithwanie,
1351 2347 1512 2451 Russie,
1542 2344 1776 2464 Prussieque
1798 2345 1969 2432 dominus
1990 2363 2025 2430 et

397 2459 519 2549 heres.
561 2461 827 2584 Signifioamos
843 2480 973 2552 tenore
989 2466 1237 2580 presencium,
1259 2464 1392 2581 quibus
1414 2462 1564 2583 expedit
1585 2463 1767 2550 uniuersis
1788 2465 2025 2580 presentibus

397 2595 433 2664 et
468 2581 616 2684 luturis,
652 2584 888 2696 presencium
926 2583 1099 2668 noticiam
1136 2579 1337 2669 habituris:
1385 2579 1590 2693 Quomodo
1626 2581 1854 2667 accedentes
1896 2598 2024 2668 nostre

396 2725 458 2780 ma
489 2700 618 2786 estatis
639 2699 874 2814 presenciam
894 2698 1042 2786 honesti
1063 2714 1100 2786 et
1121 2697 1297 2787 laboriosi
1319 2699 1496 2786 Albertus
1516 2696 1680 2802 Scodra,
1711 2695 1891 2784 Nicolaos
1914 2697 2025 2802 Yesz,

396 2828 433 2899 et
458 2725 647 2906 liertinus
679 2815 848 2920 Caczor,
878 2816 1037 2904 Sculteti
1057 2815 1104 2904 de
1121 2815 1212 2904 'villa
1232 2830 1364 2904 nostra
1385 2846 1525 2934 magna
1558 2821 1745 2916 Ptowoze,
1777 2817 1933 2903 litteram
1956 2847 2023 2902 seu

396 2931 628 3052 priuilegium
664 2935 831 3049 ipsorum
871 2934 1060 3022 Sculteoie
1096 2935 1205 3030 nobis
1242 2936 1455 3022 obtulerunt
1495 2947 1532 3021 et
1561 2933 1805 3048 ephibuer'unt
1841 2933 2047 3026 humiliter.

395 3049 665 3165 supplicando,
697 3065 880 3167 quatenus
911 3053 1002 3168 ipsis
1032 3051 1083 3138 de
1113 3053 1238 3164 innata
1267 3053 1376 3140 nobis
1403 3055 1510 3171 regie
1537 3052 1776 3168 benignitatis
1807 3052 2021 3154 clemencia,

396 3164 555 3255 eandem
575 3168 730 3256 litteram
752 3198 819 3255 seu
840 3169 1073 3288 priuilegium
1094 3171 1260 3286 ipsorum
1283 3167 1490 3273 radicare,
1522 3169 1753 3287 approbare,
1779 3200 1965 3256 renouare
1987 3186 2023 3256 et

275 3333 284 3342 ·
395 3282 619 3374 confirmare
640 3286 892 3404 dignaremur.
947 3289 1063 3376 Cuius
1084 3287 1234 3405 quidem
1255 3289 1437 3406 priuilegij
1460 3301 1567 3373 tenor
1588 3287 1635 3372 de
1657 3287 1775 3372 uerbo
1797 3286 1845 3372 ad
1868 3287 2020 3374 uerbum

394 3405 560 3518 sequitur
580 3419 617 3492 et
637 3404 814 3518 esttalis:
1223 3447 1227 3454 ⁴

496 3527 601 3610 1363.
645 3523 686 3608 ln
699 3525 855 3624 ¹nomine
877 3525 1032 3630 domini,
1063 3556 1184 3612 amen.
1237 3523 1466 3612 Cunctorum
1498 3523 1594 3639 perit
1624 3526 1810 3609 memoria
1828 3527 2020 3626 laetorum,

393 3642 465 3726 nisi
497 3638 631 3726 luerint
660 3641 887 3729 baronorum
920 3643 1015 3752 (sio)
1046 3644 1231 3758 scripture
1262 3639 1374 3752 (sio),
1406 3655 1444 3726 et
1464 3644 1609 3728 testium
1641 3640 1838 3726 aminiculo
1868 3640 2021 3728 firmiter

393 3758 583 3845 roborata.
613 3756 713 3846 Hine
733 3773 802 3863 est,
823 3759 924 3875 quod
948 3789 1018 3846 nos
1039 3757 1248 3847 Oswaldus
1271 3758 1508 3846 Castellanus
1530 3759 1578 3846 de
1598 3761 1769 3859 Stoecha
1792 3776 1828 3846 et
1849 3758 2020 3845 dominos

393 3873 442 3962 de
462 3881 649 3978 Ptowcze,
681 3905 866 3962 unacum
895 3878 971 3965 lilio
1000 3877 1330 3966 nostrolohanne
1361 3892 1487 3963 notum
1522 3877 1677 3964 iacimus
1709 3879 1912 3980 uniuersis,
1945 3891 2018 3961 tam

392 3994 628 4109 presentibus
650 4025 760 4112 quam
782 3996 923 4102 suturis,
945 4013 1154 4112 presentem
1176 3997 1333 4083 litteram
1355 3995 1544 4100 habituris,
1565 3996 1666 4113 quod
1689 3995 1738 4080 de
1759 4009 1905 4080 maturo
1926 4024 2018 4080 con-

393 4111 475 4202 silio
505 4114 731 4226 amicorum,
767 4114 802 4200 in
833 4111 936 4228 bona
967 4117 1099 4202 mentis
1130 4130 1167 4203 et
1187 4117 1360 4232 corporis
1380 4113 1601 4216 valitudine,
1638 4112 1687 4198 ad
1719 4113 2018 4200 melioracionem

391 4230 576 4336 bonorum
607 4243 840 4333 nostrorum,
865 4231 1107 4319 .vendidimos
1138 4238 1173 4319 in
1204 4239 1373 4318 Ptowcze
1404 4229 1490 4316 villa
1522 4247 1670 4326 nostra,
1702 4229 1918 4318 sculteciam
1946 4262 2017 4348 pro
2104 4239 2122 4286 l
2171 4231 2173 4238 ’

419 4347 660 4465 uinquaginta
676 4347 813 4432 marcis
835 4348 1133 4435 Thorunensium
1156 4348 1404 4454 denariorum,
1424 4347 1525 4434 fideli
1545 4361 1676 4434 nostro
1698 4349 1894 4464 Stephano
1916 4347 2016 4433 dioto

392 4378 769 4581 bloijozechowyca,
800 4464 987 4553 kmetlroni
1009 4465 1144 4554 ibidem
1165 4469 1200 4552 in
1222 4472 1405 4568 Ptowcze,
1438 4497 1485 4552 ac
1505 4495 1573 4553 sue
1593 4468 1800 4580 posteritati
1822 4469 1857 4551 in
1879 4495 2014 4582 perpe·
2067 4505 2071 4512 ·

393 4599 492 4668 tuum
513 4581 792 4698 possidendam.
832 4582 1022 4671 Obtinebit
1042 4612 1192 4701 quoque
1213 4583 1311 4669 idem
1341 4585 1530 4671 Scultetus
1559 4614 1631 4669 una
1654 4613 1736 4667 cum
1759 4585 1837 4670 suis
1858 4611 2014 4668 succes·

492 4831 531 4915 (Ι)
559 4831 605 4898 Er
620 4834 721 4898 tabula
737 4834 908 4900 authentica
925 4836 1155 4902 membranaceo
1175 4833 1378 4899 Veneriensis
1394 4801 1532 4901 tabularii
1549 4832 1659 4919 publici
1681 4832 1777 4916 Regni
1801 4833 1942 4897 Poloniae
1958 4831 2012 4898 ppo

390 4917 452 4982 604
467 4915 688 5002 depromptum.
717 4917 850 5001 Sigillum
866 4919 959 4985 deest.
