4778 5952
990 809 1034 823 ..
1090 771 1164 845 255
1219 809 1265 822 ...

314 1003 469 1064 censum
558 970 685 1059 rorum
721 969 804 1060 ville
829 969 1142 1089 ,Bertolosrtorffl
1182 973 1281 1060 loris.
1304 969 1503 1060 ciuitatem·
1520 1000 1588 1060 ocu
1619 971 1756 1061 dicium
1787 970 1940 1092 opidum
2030 871 2107 1096 ἦθ’

312 1096 467 1195 situata,
497 1118 522 1175 a
549 1090 703 1180 inientes
724 1089 854 1192 eciam
879 1087 982 1201 quod
998 1091 1073 1208 ipsi
1094 1090 1207 1194 niu'es,
1228 1090 1391 1203 quelibet
1410 1118 1540 1176 eornm
1561 1089 1706 1197 debita,
1719 1117 1799 1203 qum¹
1812 1093 1941 1179 rustici
2070 1103 2075 1128 ¹

302 1211 482 1300 ¹uillarum
504 1206 693 1296 districtus
712 1205 899 1313 eiusdem,
930 1206 1122 1295 ineodem
1145 1207 1259 1324 opido
1285 1206 1388 1327 apud
1415 1209 1521 1325 ipsos
1551 1209 1655 1304 ciues
1686 1210 1843 1295 iecerint
1871 1237 1940 1297 seu

314 1326 588 1430 contraxerint,
619 1323 665 1412 eo
679 1324 769 1441 jure
787 1339 826 1410 et
844 1323 960 1412 modo
978 1325 1029 1412 ab
1051 1325 1142 1448 ipsis
1162 1327 1310 1413 rusticis
1330 1328 1389 1414 exi
1420 1355 1485 1412 ere
1515 1341 1553 1413 et
1580 1341 1753 1444 repetere
1783 1323 1940 1442 possint3

314 1457 425 1566 prout
448 1444 603 1531 aliarum
624 1458 836 1530 oosuarum
856 1443 1042 1530 ciuitatum
1063 1445 1186 1547 ciues,
1217 1474 1288 1563 pro
1308 1355 1487 1532 simtibus
1507 1473 1638 1532 eorum
1660 1443 1794 1530 debitis
1813 1441 1941 1531 lacero
1993 1466 2001 1549 “;
2036 1537 2042 1563 ,Ι

314 1577 401 1653 sunt
416 1562 612 1650 consueti.
644 1558 811 1648 Predioti
830 1587 982 1674 quoque
1001 1562 1105 1649 ciues
1127 1576 1165 1649 et
1179 1590 1309 1648 eorum
1324 1562 1475 1678 posteri,
1496 1579 1569 1679 pro¹
1581 1563 1765 1650 uniuersis
1780 1559 1940 1649 solonio:
1994 1567 2001 1620 ’ἶ
2039 1661 2049 1674 ,

315 1683 424 1769 nibus
445 1693 482 1766 et
502 1678 690 1782 censibus,
710 1679 838 1797 viginti
859 1691 937 1766 tres
956 1707 1107 1766 marcas
1131 1707 1356 1800 grossorum
1376 1677 1570 1785 usualium,
1598 1677 1755 1798 singulis
1774 1679 1963 1777 armis-cr
1993 1671 2024 1696 ’”’

314 1799 504 1916 perpetuis
525 1796 783 1914 temporibus,¹
804 1794 981 1885 videlicet
996 1795 1231 1884 medietatem
1256 1797 1410 1885 infesto
1431 1797 1551 1883 sancti
1569 1796 1741 1903 Martini,
1773 1811 1810 1884 et
1829 1794 1940 1882 aliam

301 1915 550 2003 'medietatem
579 1917 616 2002 in
646 1916 743 2002 festo
773 1930 906 2002 sancte
936 1911 1181 2032 Walpurgis',
1211 1914 1322 2002 nobis
1352 1930 1390 2001 et
1409 1916 1547 2002 nostris
1577 1917 1757 2030 posteris,
1789 1912 1941 2001 soluere

229 2119 232 2126 .
314 2034 548 2158 tenebuntur3
573 2045 612 2118 et
631 2030 739 2145 quod‘
755 2030 804 2118 de
824 2032 990 2144 quolibet
1009 2035 1161 2137 manso,
1174 2062 1288 2119 unum
1308 2032 1515 2151 plaustrum
1534 2032 1745 2151 lingnnrnm
1767 2031 1850 2142 (sic)
1870 2061 1941 2168 pro

314 2167 445 2239 nostra
461 2151 576 2255 curia,
596 2149 684 2236 dum
706 2162 744 2235 et
759 2151 942 2261 quociens
957 2148 1093 2237 ibidem
1110 2151 1286 2238 fuerimus
1303 2150 1502 2252 constituti,
1523 2147 1664 2238 ducere
1679 2151 1752 2238 sint
1766 2151 1950 2237 asstrroti'
1989 2179 2003 2256 '.
2026 2201 2030 2206 ·
2172 2203 2178 2216 ·

314 2269 469 2373 Harum,
490 2267 625 2382 quibus
647 2267 806 2386 sigillum
828 2283 997 2356 nostrum
1015 2296 1225 2384 appensum
1245 2283 1314 2372 cst,
1336 2267 1766 2354 testimonio'literarumr
1803 2266 1942 2356 Datum

317 2392 437 2501 Opot,
473 2415 574 2474 anno
610 2384 749 2473 domini
785 2384 980 2472 millesimo
1014 2386 1278 2473 trecentesimo
1309 2384 1576 2503 octuagesimo
1605 2399 1736 2489 sexto,
1771 2385 1941 2500 proximu

314 2507 408 2592 ieria
449 2517 557 2590 sexta
597 2505 686 2590 onte
720 2502 854 2590 lestum
889 2515 1022 2589 sancte
1061 2500 1183 2588 Mario
1223 2501 1465 2622 Magdalene.
1520 2500 1766 2588 presentibus
1803 2501 1942 2588 nostris

314 2620 488 2710 fidelibus
508 2620 687 2708 dominis:
716 2619 962 2706 Henczkone·
979 2619 1230 2736 Swantopolk
1259 2618 1308 2706 de
1338 2624 1586 2731 landoberp,
1623 2617 1765 2705 Georio
1790 2618 1873 2729 (sic)
1894 2616 1943 2704 do

314 2745 421 2827 Suus
440 2736 715 2842 Holstcinensi,
746 2737 920 2825 Wictore
949 2734 997 2824 de
1020 2741 1188 2825 Merzr'cz
1208 2735 1416 2855 Opulieo'si
1444 2733 1683 2853 Capitoneis;
1713 2731 1943 2852 Bernhardo

315 2856 508 2946 Werusch
529 2855 901 2962 Osthrescbouiensi,
920 2852 1110 2942 Hanknne
1131 2854 1180 2942 de
1203 2859 1351 2942 Vsclicz
1367 2851 1599 2959 Welunensi,
1618 2850 1813 2940 Niczkone
1833 2852 1948 2938 Strus

315 2974 581 3079 llarnouiensi,
601 2973 880 3092 Burggrnnijsp
895 2987 932 3058 et
946 2970 1098 3059 domino
1117 2971 1278 3059 Nicolao
1299 2972 1499 3060 Ticzconis
1521 2972 1716 3062 Canonico
1737 2965 1944 3088 Opuliensi,

317 3091 553 3180 Cancellario
574 3108 715 3195 nostro,
735 3091 798 3207 qui
817 3091 1016 3206 presencia
1035 3089 1164 3177 babuit
1183 3091 1220 3176 in
1241 3091 1461 3178 commissis.

1065 3492 1196 3607 CXL.

505 3761 750 3858 mount,
776 3771 940 3846 cuno
955 3757 1105 3846 1388
1132 3762 1186 3844 ct.
1212 3759 1438 3846 vvernerus.
1462 3685 1754 3865 Μανῆ.

389 3961 940 4039 mauruntum·
953 3961 1076 4035 ornum
1091 3963 1340 4030 naamon
1354 3905 1609 4036 atumem
1621 3951 1872 4034 omer-'oxus

775 4061 1486 4158 ualemu'nirltstls‘cnntncuttv).
1654 4083 1660 4090 ·

418 4287 460 4375 ln
481 4287 629 4374 nomine
649 4283 807 4390 domini,
838 4313 960 4374 amen.
1011 4283 1073 4372 Ad
1100 4279 1320 4404 perpetuam
1348 4285 1401 4370 rei
1429 4277 1655 4372 memoriam.
1709 4281 1942 4372 Wlndislaus

318 4407 378 4497 dei
399 4406 531 4528 panio
561 4402 649 4491 Rex
677 4400 836 4492 Polonic
856 4401 1127 4520 Litbuanieque
1145 4406 1321 4520 princeps
1342 4428 1586 4516 suppremus,
1613 4415 1652 4488 nt
1670 4402 1781 4489 beros
1800 4400 1943 4488 Russic

318 4541 389 4612 etc.
428 4522 676 4614 Notificamus
696 4519 831 4641 quibus
851 4517 1000 4638 expedit
1019 4522 1221 4626 universis,
1242 4518 1478 4636 presentibus
1499 4535 1536 4607 et
1555 4519 1685 4607 laturis
1704 4519 1942 4639 presencium

318 4641 491 4732 noticiam
511 4640 707 4732 habituris:
738 4638 855 4755 Quod
876 4653 987 4760 grata
1007 4636 1318 4727 consideracione
1333 4635 1538 4756 prehabito,
1559 4637 1610 4725 ud
1626 4636 1835 4754 multiplicia
1850 4630 1942 4724 fide-

420 4891 459 4976 (o
486 4891 605 4962 uriom
620 4890 749 4959 nemu
762 4889 860 4976 ungu
875 4887 1134 4960 commun.
1149 4907 1178 4975 p.
1192 4884 1264 4956 nor.
1335 4901 1356 4914 ⁴·
