4800 5942
990 707 1390 808 *aro-5

309 910 525 1014 aduttum,
554 908 704 998 realiter
723 925 761 996 et
779 938 866 996 cum
886 907 1032 1012 ellectu,
1050 931 1126 996 nec
1144 905 1194 996 de
1208 919 1343 996 cetero
1363 905 1522 998 eosdem
1541 907 1739 1016 Berones,
1761 905 1939 1024 Nobiles,

237 1029 246 1038 '
312 1028 490 1132 Clientes,
509 1057 578 1116 seu
592 1028 688 1116 alias
704 1055 951 1148 quascunque
966 1025 1097 1146 Regni
1111 1027 1170 1114 sui
1185 1039 1332 1146 gentes,
1351 1025 1577 1145 ludigenas,
1598 1026 1793 1130 Subditos,
1815 1044 1851 1116 et
1867 1030 1940 1146 ipsi

310 1147 463 1235 domino
482 1144 586 1264 Regi
605 1159 749 1250 nostro,
768 1143 910 1265 Regno
932 1159 969 1231 et
989 1145 1141 1232 Corone
1162 1141 1548 1265 ipsiusadbereptes,
1575 1144 1628 1232 ad
1649 1148 1771 1263 ipsum
1790 1145 1941 1236 Ducem

311 1263 519 1378 Suidrigal
538 1261 662 1352 redire
682 1277 719 1350 ct
738 1265 906 1350 transire:
928 1292 997 1348 seu
1018 1262 1139 1348 eciam
1158 1261 1251 1348 alias
1273 1291 1520 1380 quascunque
1540 1277 1688 1350 ceteras
1704 1259 1850 1382 genteS,
1870 1296 1939 1381 per

292 1369 431 1500 ¹ipsum
452 1379 630 1500 Regnum
652 1397 689 1468 et
709 1395 829 1478 terras
851 1409 941 1482 suas
962 1410 1038 1468 non
1056 1379 1091 1476 l?
1108 1378 1374 1484 irelvolentes,
1394 1380 1519 1498 aliquo
1541 1381 1623 1494 (sic)
1644 1382 1848 1499 permittat3
1869 1380 1938 1470 sed

312 1527 462 1590 omnmo
489 1529 610 1615 rpsum
642 1498 849 1616 Swidrigal
876 1499 957 1614 ipse
988 1495 1162 1584 dominus
1189 1495 1277 1584 Rex
1304 1496 1528 1602 modernus,
1559 1527 1644 1584 cum
1665 1498 1837 1586 omnibus
1857 1500 1940 1603 sibi,

310 1618 453 1736 Regno
474 1631 510 1702 et
530 1616 681 1704 Corone
702 1617 780 1704 suis
801 1615 959 1702 subditis
980 1627 1017 1702 et
1031 1613 1309 1702 adherentibus:
1330 1616 1448 1702 eciam
1465 1645 1690 1734 quacunque
1704 1615 1939 1737 prefulgeant

311 1736 512 1855 dignitate,
532 1749 571 1820 et
590 1735 786 1853 signanter
805 1733 973 1820 Ducibus
993 1732 1183 1840 lllazovie,
1204 1761 1288 1819 cum
1309 1734 1474 1848 ipsorum
1495 1734 1665 1840 subditis,
1687 1749 1723 1821 et
1742 1735 1940 1849 presertim
1958 1819 1968 1826 .

207 1939 212 1946 .
310 1855 419 1941 Duce
443 1843 655 1940 Kezimiro:
686 1852 847 1957 viribus,
879 1851 1045 1968 consdijs
1066 1865 1103 1937 et
1122 1851 1315 1940 levoribus
1337 1850 1620 1972 quibuscunque
1641 1851 1794 1942 deseret
1813 1866 1851 1940 et
1870 1847 1940 1940 ob-

311 1974 437 2060 mittet
478 1965 666 2081 Quinimo,
687 1971 808 2088 ipsum
828 1965 1034 2088 Swidrigal
1050 1982 1128 2056 toto
1144 1997 1262 2088 posse
1279 1967 1465 2058 infestabit
1485 1985 1521 2057 et
1538 1985 1802 2092 persequetur;
1823 1996 1939 2076 erma,
2033 2041 2037 2053 .

310 2087 502 2193 victualia,
534 2093 787 2192 mercaturas,
818 2100 1040 2204 ceterasque
1064 2117 1147 2192 reS,
1179 2117 1405 2206 quocunque
1424 2087 1613 2175 vocabulo
1634 2103 1872 2193 censeantur,
1904 2087 1940 2174 in

310 2205 517 2297 subsidium
548 2205 597 2293 de
626 2205 768 2326 Regno
799 2236 890 2311 suo,
925 2236 994 2292 seu
1015 2235 1085 2322 per
1114 2204 1176 2292 tte
1207 2237 1294 2292 num
1315 2207 1351 2293 in
1372 2210 1575 2293 Luorrtom
1594 2206 1655 2292 vel
1676 2206 1782 2312 alibi,
1819 2204 1963 2306 eidem,

309 2324 409 2412 Duci
439 2321 646 2442 Swidrigal
672 2323 871 2410 ministrari
900 2336 938 2408 et
958 2322 1046 2410 duci
1072 2235 1294 2439 prohibebit.
1346 2323 1581 2410 Contrarium
1604 2338 1728 2410 autem
1749 2323 1940 2426 facientes

310 2474 377 2530 seu
425 2440 649 2536 uovismodo
670 2452 892 2558 attemptare
913 2455 1193 2558 presumentes,
1227 2441 1422 2558 corrigere
1442 2455 1479 2528 et
1499 2441 1629 2557 punire
1650 2437 1821 2527 dominus
1853 2435 1943 2540 Rex

309 2473 462 2648 debebit
490 2589 573 2646 oum
605 2559 759 2646 ellectu:
798 2559 981 2674 premissa
1011 2559 1136 2646 omnia
1165 2573 1202 2644 et
1233 2557 1401 2675 singula,
1437 2559 1508 2645 sub
1539 2557 1615 2644 lude
1637 2555 1857 2660 ethonore,
1893 2586 1941 2642 ec

310 2707 427 2766 onere
457 2677 668 2794 corporalis
698 2677 839 2794 prestiti
871 2675 1087 2780 iuramenti,
1118 2676 1253 2790 quovis
1285 2674 1414 2760 colore
1447 2674 1632 2790 exquisito
1664 2672 1795 2790 procul
1825 2689 1940 2775 moto,

309 2795 501 2882 lenientes.
550 2793 593 2880 ln
614 2823 708 2882 casu
729 2803 870 2898 autem,
903 2824 980 2911 quo
1001 2791 1189 2897 barones,
1210 2785 1378 2894 Nobiles,
1401 2787 1575 2894 Clientes,
1596 2818 1664 2876 seu
1685 2789 1756 2875 alie
1778 2820 1942 2908 quecun·

311 2941 384 3030 que
419 2923 572 3029 gentes·
592 2928 629 2998 et
658 2910 793 2998 subditi
828 2909 957 3027 Regni
992 2907 1174 3011 Polonie,
1210 2903 1258 2990 de
1289 2902 1425 2992 ¹eodem
1460 2921 1587 2994 castro
1623 2911 1810 3006 erczslco,
1848 2908 1941 2994 inlra

309 3027 504 3116 terminum
536 3027 696 3113 eundem
717 3058 789 3114 uec
808 3025 1055 3127 recesserint,
1091 3051 1163 3108 neo
1183 3023 1352 3108 revocati
1372 3022 1525 3130 luerint3
1562 3039 1598 3110 et
1611 3024 1788 3140 predicta
1809 3033 1940 3112 nostra

202 3195 206 3204 .
308 3143 508 3264 promissa,
527 3143 752 3259 sponsiones
773 3157 810 3226 et
829 3139 1104 3242 fideiussiones,
1125 3169 1233 3226 suurn
1254 3137 1416 3226 debitum
1440 3171 1516 3230 non
1535 3151 1695 3258 possent
1714 3141 1847 3248 sortiri,
1868 3171 1940 3228 nee

238 3293 243 3300 ·
309 3261 533 3371 sortirentur
563 3259 756 3362 ellectum3
793 3253 1108 3364 extuncliteras,
1141 3285 1237 3374 quas
1272 3258 1309 3343 in
1329 3255 1402 3343 beo
1433 3257 1691 3346 convencione
1727 3288 1795 3344 seu
1827 3257 1942 3364 dieta,

309 3377 494 3496 aprelato
516 3374 668 3462 domino
690 3371 935 3493 Sigismundo
955 3371 1102 3490 lllagno
1128 3373 1238 3460 Duce
1258 3371 1480 3490 Lythwanie
1501 3375 1711 3490 recepimus
1731 3377 1938 3483 confectas,

221 3581 225 3592 ,
309 3525 425 3610 super
443 3491 620 3580 fidelitate
642 3492 867 3609 prestanda,
904 3522 971 3608 per
1005 3489 1451 3608 Capitaneosjncastris
1473 3505 1511 3578 et
1531 3492 1705 3610 dominijs
1733 3491 1938 3611 lllagnidu-

309 3625 417 3698 cetus
446 3607 670 3724 Lythwanie
702 3627 738 3696 et
766 3607 928 3712 Russie,
959 3639 1029 3726 per
1058 3611 1178 3725 ipsum
1202 3605 1390 3696 dominum
1422 3607 1724 3730 Sigismundum,
1754 3607 1938 3730 Magnum

308 3725 455 3819 Ducem
473 3725 695 3842 Lythwanie
712 3725 967 3833 instituendos,
989 3756 1106 3817 sanas
1127 3738 1164 3813 et
1179 3725 1358 3846 integras,
1380 3727 1499 3816 eidem
1521 3727 1674 3816 domino
1694 3728 1733 3816 S·
1766 3727 1774 3746 ’

308 3839 546 3964 Magnoduci
572 3841 795 4048 Lptlrwanie
826 3845 1023 3932 restituere
1055 3843 1261 3935 tenebimur
1291 3875 1375 3932 curn
1405 3847 1550 3937 ellectu.
1611 3841 1661 3932 Et
1680 3758 1938 3933 nidbilominus

309 3965 412 4050 cirea
432 3965 579 4081 priores
614 3963 747 4067 iteras,
772 3963 985 4080 juramenta
1006 3977 1046 4051 et
1063 3963 1355 4080 inscripciones,
1377 3995 1462 4052 cum
1483 3964 1618 4053 eodem
1640 3964 1791 4053 domino
1814 3962 1937 4082 Sigis-

308 4079 447 4169 mundo
467 4076 713 4198 lllagnoduce
732 4079 956 4198 Lythwanie
972 4081 1065 4170 alias
1085 4083 1123 4170 in
1145 4077 1304 4172 Grodno
1321 4083 1451 4187 lactas,
1471 4080 1648 4200 prestitas
1669 4097 1706 4170 et
1721 4080 1936 4188 conclusas,

307 4225 505 4308 remanere
525 4197 697 4286 volumus
719 4215 755 4286 et
776 4196 967 4288 debemus.
1016 4199 1272 4288 Promittimus
1294 4198 1424 4306 eciam,
1446 4193 1677 4316 spondemus'
1698 4209 1735 4283 et
1756 4193 1937 4285 fideiube·

308 4343 401 4419 mus:
423 4313 526 4429 quod
548 4313 720 4403 dominus
739 4313 829 4434 Rex
842 4329 983 4422 noster,
1004 4313 1092 4404 dum
1108 4315 1160 4403 ad
1175 4316 1338 4405 debitam
1354 4345 1507 4403 suorum
1523 4345 1706 4404 annorum
1750 4315 1940 4410 ervenerit
2006 4337 2010 4342 ·

309 4445 457 4540 etatem,
478 4464 522 4522 se
542 4463 627 4551 cum
648 4433 726 4548 suis
741 4431 895 4552 prelatis
916 4449 953 4520 et
972 4432 1189 4541 baronibus,
1212 4433 1332 4549 eidem
1349 4432 1501 4522 domino
1523 4346 1767 4570 Sigismundo
1787 4431 1936 4552 Magno

308 4540 408 4638 Duci
435 4539 676 4666 Lythwanie,
708 4552 807 4638 iuxta
840 4565 1008 4638 tenorem
1039 4551 1273 4668 presencium
1295 4551 1491 4660 inscribet,
1524 4551 1807 4663 huiusmodique
1827 4579 1935 4638 suem

308 4667 567 4785 inscrrporonrs
588 4671 760 4805 luteram,
777 4668 901 4790 sigillo
922 4700 991 4758 suo
1012 4669 1233 4776 maiestatis,
1261 4670 1565 4805 prelatorumque
1586 4701 1633 4759 ac
1653 4668 1933 4790 dignitariorum

280 4890 284 4898 Ι
309 4793 481 4892 suorum,
503 4785 634 4904 sigillis
655 4818 804 4875 senone
827 4855 1027 4875 .......
1069 4785 1224 4894 Harum,
1247 4785 1380 4908 quobus
1401 4789 1524 4909 sigilla
1544 4804 1675 4880 nosue
1695 4785 1935 4909 presentibus

1766 3726 1940 3816 rsmundo
2080 3817 2085 3824 ,
