4780 5922
960 705 1383 778 ·-loc-

433 910 688 1049 quodcunque
706 895 857 1027 lieripo
859 971 1074 994 .........
1095 904 1156 994 uel
1175 905 1361 1023 piscinas,
1391 903 1657 1024 quodcumque
1677 920 1839 1023 possunt
1863 905 1945 996 lieri
1969 909 2066 998 iulra

419 1031 568 1119 bmitcs
597 1028 694 1116 drctc
715 1025 950 1130 hereditatis,
981 1051 1150 1112 mensam
1171 1021 1386 1136 sudorum),
1417 1022 1612 1130 macellum
1644 1023 1828 1130 carnium,
1859 1023 2068 1137 labrorum,

432 1175 593 1269 panum,
624 1147 779 1233 tercium
807 1143 1001 1231 denarium
1031 1140 1081 1230 de
1109 1139 1267 1246 iudicio,
1297 1137 1345 1227 dc
1365 1142 1486 1259 penlis
1507 1157 1582 1229 tarn
1602 1142 1765 1260 mag)nis
1786 1171 1898 1278 quern
1919 1148 2061 1264 paruis,

434 1263 584 1354 duobus
615 1263 796 1351 duntaxat
824 1291 895 1380 pro
925 1261 1035 1349 nobis
1065 1324 1290 1346 .........
1320 1273 1583 1364 reseruantes3
1614 1259 1739 1346 licebit
1769 1258 1871 1350 drcto
1902 1263 2065 1352 sculteto

434 1383 573 1486 eciam,
605 1395 642 1469 et
661 1410 730 1486 soe
751 1379 976 1501 posteritati,
1005 1378 1099 1464 inlra
1118 1377 1250 1465 limites
1271 1373 1439 1492 predicte
1461 1375 1675 1464 hereditatis
1695 1378 1846 1494 piscari,
1867 1382 2007 1486 venari,
2029 1397 2065 1468 ct

434 1500 528 1588 elias
545 1529 803 1618 quascumque
824 1497 996 1585 utilitates
1016 1496 1155 1602 lacere,
1177 1510 1214 1583 et
1234 1493 1442 1605 ex(ercere)
1464 1558 1652 1580 ........
1674 1495 1825 1607 (ta)men
1846 1497 2065 1614 excipimus,

308 1633 312 1640 '
382 1701 387 1710 ,
435 1617 538 1738 quod
554 1617 626 1704 iarn
641 1615 763 1704 dictus
779 1616 970 1720 scultetus,
991 1613 1051 1699 uel
1068 1615 1217 1730 qui'pro
1233 1624 1402 1727 tempore
1417 1612 1536 1716 luerit,
1558 1611 1668 1699 nobis
1689 1627 1725 1699 et
1741 1615 1881 1702 nostris
1900 1616 2066 1732 posteris

365 1783 381 1818 e
435 1763 521 1822 cum
541 1755 617 1821 uno
629 1733 815 1837 hastario,
836 1729 886 1818 ad
907 1730 1109 1849 quamlibet
1123 1728 1416 1846 expedicionem,
1438 1727 1622 1816 tenebitur
1637 1731 1792 1816 seruire.
1824 1730 1912 1820 Tria
1928 1731 2066 1824 iudicia

407 1951 413 1966 ,
434 1881 588 1970 magna,
612 1880 686 1970 quc
705 1864 763 1937 ter
782 1850 819 1936 in
839 1877 938 1936 anno
959 1843 1039 1936 lieri
1059 1861 1346 1936 consueuerunt
1377 1845 1446 1958 (ln)
1468 1846 1601 1964 quibus
1619 1844 1764 1961 iudioijs
1780 1862 1912 1938 nostro
1923 1853 2066 1943 nuncio

332 1952 355 2071 ᾗ
437 1999 547 2087 quem
568 1969 772 2071 mittemus,
803 1997 916 2052 unum
933 1964 1131 2082 prandium
1153 1964 1345 2068 scultetus,
1371 1978 1409 2050 et
1429 1961 1504 2049 duo
1526 1963 1758 2069 kmethones',
1778 1966 1989 2056 ministrare
2010 1982 2065 2054 te-

382 2115 386 2124 ·
436 2087 632 2191 nebuntur,
653 2085 714 2170 uel
735 2110 804 2200 pro
826 2081 991 2200 quolibet
1009 2080 1169 2200 prandio
1190 2112 1259 2170 sex
1280 2091 1410 2168 scotos
1431 2109 1656 2199 grossorum
1676 2079 1834 2170 soluent
1882 2079 2066 2176 Preteren

437 2201 572 2289 damus
606 2215 644 2287 et
665 2199 906 2288 concedimus
937 2197 1133 2318 sepedicto
1164 2199 1344 2306 sculteto,
1376 2212 1414 2284 et
1433 2197 1606 2288 omnibus
1626 2197 1901 2306 lrmethonibus,
1931 2200 2066 2292 adata

436 2320 672 2438 presencium
704 2316 754 2405 ad
774 2317 904 2436 viginti
925 2348 1067 2422 annos,
1098 2317 1272 2404 continue
1294 2314 1585 2436 computandos,
1610 2346 1633 2402 a
1655 2315 1870 2421 solucione,
1903 2321 2066 2410 seruicio

436 2436 640 2534 etdecima
662 2465 811 2540 census,
833 2434 1085 2522 omnimodam
1106 2434 1322 2538 libertatem,
1343 2462 1418 2549 qua
1440 2431 1582 2550 elapsa,
1605 2448 1741 2520 extunc
1763 2433 1995 2544 lrmetbones,
2016 2435 2065 2524 de

290 2548 305 2566 ‘
438 2552 604 2674 quolibet
622 2581 769 2656 manso,
790 2551 948 2667 singulis
969 2553 1077 2638 annis
1098 2564 1292 2668 perpetuo,
1313 2551 1349 2636 in
1370 2551 1466 2638 festo
1488 2551 1585 2638 beati
1605 2549 1777 2654 Martini,
1807 2548 1917 2640 nobis
1939 2569 1977 2641 et
1997 2584 2065 2642 no

438 2684 517 2756 stre
537 2667 762 2784 posteritati,
790 2697 858 2782 per
877 2684 963 2754 octo
980 2680 1111 2752 scotos
1131 2694 1375 2784 grossorum,
1406 2668 1560 2756 racione
1581 2697 1720 2756 census
1740 2667 1904 2774 soluent,
1936 2686 1974 2756 et
1992 2700 2064 2788 pro

438 2784 605 2890 decima,
638 2783 698 2868 oui
719 2780 914 2869 debebitur
933 2814 1003 2916 per
1023 2813 1092 2868 sex
1112 2794 1254 2870 scotos.
1306 2781 1481 2870 Ceterum
1502 2785 1780 2903 prenominatus
1801 2785 2001 2894 scultetus,
2028 2803 2067 2876 et

437 2901 496 2990 sui
517 2929 785 3006 successores,
810 2898 962 2988 habebrt
983 2901 1042 2986 uel
1062 2898 1269 3004 habebunt,
1300 2899 1508 3010 iudicandi,
1540 2901 1859 3019 condempnandi,
1890 2903 2067 3021 puniendi

437 3049 509 3138 pro
535 3018 831 3136 quibuscumque
859 3019 1007 3124 causis,
1040 3016 1247 3106 secundum
1268 3017 1370 3135 quod
1390 3019 1510 3136 ipsum
1532 3019 1590 3107 ius
1610 3019 1882 3109 Tbeutonioum
1902 3021 2068 3140 postulat

439 3151 477 3224 et
496 3136 662 3255 requirit,
682 3135 830 3252 plenam
851 3148 1088 3252 potestatem.
1128 3133 1232 3242 Item,
1253 3135 1335 3252 ipsc
1355 3137 1535 3224 scultetus
1556 3152 1593 3224 et
1613 3137 1672 3226 sui
1691 3139 1844 3255 posteri,
1863 3169 1939 3228 non
1959 3139 2065 3246 alias,

417 3253 511 3358 ‚nisi
532 3281 662 3342 coram
681 3251 802 3357 nobis,
824 3251 912 3338 dum
932 3281 1000 3371 per
1021 3266 1188 3342 nostram
1210 3253 1352 3340 literam
1373 3253 1482 3341 luerit
1502 3256 1648 3360 citatus,
1669 3255 1730 3342 uel
1751 3257 1862 3361 citati,
1883 3257 1962 3344 iure
1982 3286 2065 3372 pre·

438 3369 558 3476 dicto,
590 3369 813 3458 lrmethoncs
831 3400 924 3460 vero
945 3399 1075 3457 coram
1095 3369 1379 3479 scutatorum
1400 3401 1475 3492 quo
1497 3401 1612 3490 supra
1634 3371 1947 3490 respondebunt.
1970 3373 2067 3460 Cum

439 3502 564 3576 autem
585 3486 777 3595 scultetus,
797 3488 834 3574 in
853 3485 1048 3576 reddenda
1068 3487 1214 3576 iusticia
1234 3485 1284 3573 de
1304 3517 1542 3608 quocumque
1563 3504 1665 3577 esset
1684 3491 1900 3623 negligens,
1924 3485 1975 3578 ad
1995 3521 2068 3588 nos

438 3633 509 3726 pro
529 3603 865 3694 habendaiusticia
880 3604 1073 3692 habebunt
1088 3635 1294 3692 recursum.
1332 3606 1470 3694 Datum
1494 3605 1694 3714 Cracouie,
1714 3607 1752 3696 in
1769 3606 1829 3696 dre
1845 3607 1944 3696 beati
1965 3607 2068 3696 Petri

439 3721 490 3810 ad
510 3721 679 3824 vincula,
710 3751 811 3811 anno
841 3720 981 3810 domini
1009 3721 1068 3808 Μ0
1100 3722 1214 3810 CCC⁰
1241 3721 1327 3810 XL⁰
1352 3739 1472 3812 sexto.
1523 3721 1770 3814 Prosentibus
1800 3723 1871 3840 hijs
1902 3723 2068 3813 testibus:

440 3835 781 3945 Ottone·Polonie,
811 3838 1031 3927 Hermanno
1054 3837 1239 3956 Cuyauie,
1268 3837 1446 3928 Floriano
1465 3833 1645 3928 Lancioie
1666 3841 1919 3947 cancellaria,
1948 3840 2069 3930 Pelca

441 3957 649 4046 castellano
671 3953 919 4059 Sandecensi,
939 3953 1144 4045 Vilozcone
1165 3955 1414 4075 Subdapilero
1436 3957 1742 4066 Sandomiriensi,
1764 3972 1802 4045 et
1882 3987 1963 4044 ram
1979 3956 2068 4048 sub-

440 4075 621 4188 pincerna
652 4088 690 4161 ct
708 4073 802 4192 alijs.
852 4071 894 4164 ln
915 4075 1022 4164 cuius
1051 4073 1106 4163 rei
1136 4073 1403 4181 testimonium,
1435 4088 1603 4164 nostrum
1634 4074 1795 4195 sigillum
1826 4075 2069 4197 presentibus

443 4205 502 4278 est
520 4219 740 4312 appensum.
1332 4251 1333 4256 κ
