4870 5948
1085 751 1335 823 .-35-

400 962 437 1034 et
474 950 605 1036 bituris
644 949 787 1067 liquere
826 949 1019 1066 cupientes
1058 961 1291 1035 contractum
1333 948 1659 1044 commutacionis,
1706 977 1780 1066 que
1815 946 1864 1035 de
1902 946 2023 1036 Ducis

402 1068 445 1153 C.
477 1065 633 1183 (onredi)
674 1080 711 1151 et
749 1066 907 1152 liliorum
947 1065 1065 1182 ipsius
1096 1095 1288 1154 consensu
1317 1067 1416 1152 lacto
1448 1081 1507 1152 est
1541 1067 1634 1152 inter
1665 1095 1739 1151 nos
1767 1082 1803 1152 et
1833 1067 2022 1153 dominum

401 1182 641 1270 Guillermum
664 1182 851 1269 Abbatem
874 1196 1063 1298 totumque
1085 1198 1308 1274 conventum
1331 1181 1378 1268 de
1397 1187 1563 1294 Sylm'ou,
1600 1182 1648 1267 de
1668 1182 1755 1269 villa
1775 1199 1922 1290 nostra,
1950 1215 2024 1301 que

401 1304 612 1388 nominatur
627 1308 842 1386 Borelom‘z
859 1301 991 1386 etville
1009 1301 1192 1386 dictorum
1208 1301 1361 1385 fratrum
1372 1302 1521 1385 nomine
1535 1307 1732 1400 Lobocn'n,
1756 1330 1829 1416 que
1845 1301 2024 1388 innostra

402 1421 472 1504 sita
504 1434 561 1503 est
585 1417 746 1522 diocesi,
782 1420 819 1503 in
840 1419 1030 1533 presentia
1051 1417 1190 1502 domini
1214 1415 1394 1501 Falconis
1422 1415 1709 1533 Arcbiepiscnpi
1731 1417 1967 1504 Gneznensis
1988 1433 2025 1504 et

392 1535 734 1652 “suffraganeorum
751 1536 849 1650 ejus,
866 1533 1039 1620 videlicet
1052 1531 1094 1619 L.
1113 1533 1291 1638 (aurentii)
1312 1529 1496 1649 Episcopi
1514 1533 1847 1638 Wratzlaviensis,
1858 1511 1912 1620 l³.
1928 1535 2024 1643 (auli)

401 1652 585 1769 Episcopi
605 1652 896 1756 Pnznaniensis,
926 1650 969 1737 L.
993 1653 1172 1751 (aurentii)
1202 1650 1386 1768 Episcopi
1414 1648 1619 1756 Lubensis,
1651 1665 1902 1783 protestamur
1918 1649 2023 1768 justo
2163 1731 2178 1748 ,

402 1769 504 1855 titulo
526 1784 562 1855 et
582 1770 682 1854 bona
703 1769 789 1854 lide.
820 1771 888 1855 Set
907 1801 955 1856 ne
976 1770 1122 1854 malicia
1139 1769 1325 1854 bominum
1341 1768 1523 1884 prelatam
1541 1767 1691 1853 domum
1713 1798 1749 1853 rn
1765 1771 2025 1884 prenominata

400 1886 488 1973 villa
520 1901 583 1972 aut
614 1888 891 2002 ejusterminis
922 1887 982 1973 vel
1013 1887 1245 1991 utilitatibus,
1286 1884 1359 1970 hoe
1391 1900 1465 1998 est:
1507 1884 1629 1988 silvis,
1663 1887 1799 2001 pratis,
1831 1885 2023 1986 mellilrcio,

400 2003 603 2121 aliquando
623 2005 815 2120 inquietet,
847 2033 931 2091 eam
953 2006 1065 2090 certis
1086 2004 1250 2089 terminis
1279 2015 1316 2088 et
1342 2001 1487 2088 allodiis
1509 2003 1888 2204 circummunirepp'ure
1909 2033 2024 2120 spon-

400 2121 551 2227 demus,
593 2124 716 2206 omnia
748 2147 821 2238 que
852 2121 902 2206 ad
934 2122 1053 2237 ipsam
1085 2135 1258 2237 spectant
1288 2118 1336 2204 de
1361 2121 1447 2234 jure
1477 2121 1727 2206 restituentes.
1816 2150 1920 2207 erum
1945 2122 2025 2236 jam

320 2307 326 2318 .
402 2239 529 2355 sepius
551 2236 650 2323 dicte
669 2237 756 2324 ville
777 2236 918 2342 coloni,
941 2239 1004 2354 qui
1019 2251 1150 2324 nostre
1165 2237 1326 2322 ecclesie
1335 2237 1423 2351 jure
1437 2238 1651 2350 ascripticio
1669 2251 1847 2341 tenentur,
1870 2238 2026 2354 principi

402 2371 502 2440 terre
517 2355 601 2466 mel
632 2369 668 2439 et
696 2383 857 2442 uaccam
878 2366 914 2438 et
938 2355 1010 2439 alia
1031 2355 1191 2439 servicia
1213 2353 1261 2438 de
1282 2351 1396 2435 iundo
1417 2352 1502 2437 ville
1523 2351 1748 2455 reddebant,
1782 2382 1895 2468 quos,
1926 2354 2026 2439 lacta
2140 2393 2154 2414 ·-

403 2471 718 2574 commutacione,
751 2472 787 2555 in
818 2484 987 2556 nostrum
1018 2470 1271 2557 transtulimus
1303 2467 1595 2584 Episcopatum3
1631 2499 1704 2554 nos
1732 2471 1818 2582 paci
1849 2471 2025 2555 nominati

399 2588 615 2702 monasterij
636 2587 896 2702 providentes,
918 2589 954 2672 in
969 2601 1189 2704 perpetuum
1206 2585 1348 2672 eisdem
1370 2585 1576 2671 solutiones
1598 2597 1636 2668 et
1650 2584 1821 2701 publicas
1837 2616 2026 2701 expensas
2154 2672 2158 2683 ,

402 2705 554 2791 domino
576 2719 675 2790 terre
694 2703 856 2790 reddere
876 2706 995 2820 parati
1017 2733 1164 2806 sumus,
1196 2718 1260 2789 aut
1281 2732 1364 2804 curn
1386 2704 1469 2818 ipso
1491 2714 1531 2786 ut
1551 2703 1755 2816 poterimus
1772 2731 1844 2788 con
1848 2768 1954 2790 .........
1958 2699 2025 2815 (2),

402 2822 598 2910 cenobium
620 2824 656 2908 in
677 2821 778 2909 nullo
799 2852 846 2908 ex
861 2823 1106 2938 possessione
1122 2823 1203 2937 jam
1224 2819 1425 2908 dinteville
1446 2818 1643 2906 ducalibus
1664 2819 1859 2935 impendiis
1880 2819 2026 2938 oblige—
2096 2899 2100 2907 ,

403 2954 478 3050 tum
499 2940 738 3057 prolitentes,
771 2951 808 3026 et
827 2938 967 3026 adhoc
988 2969 1060 3028 nos
1081 2954 1117 3024 et
1137 2953 1305 3024 nostram
1327 2937 1528 3024 ecclesiam
1544 2938 1580 3022 in
1597 2950 1807 3051 posterum,
1829 2937 2028 3053 siquando

402 3057 539 3166 domus
559 3055 607 3142 de
629 3054 953 3172 Sylujov.........(³)
975 3058 1108 3160 ulseta,
1130 3055 1270 3142 debere
1291 3055 1419 3141 teneri.
1452 3055 1572 3140 Facta
1593 3067 1630 3140 et
1648 3054 1832 3141 roborata
1852 3070 1939 3142 sunt
1958 3056 2030 3142 bec

403 3204 504 3262 anno
525 3173 663 3262 domini
682 3173 742 3260 Μο
764 3175 848 3260 CC⁰
868 3173 993 3260 XXX⁰
1014 3173 1064 3260 ll⁰
1086 3175 1123 3258 in
1142 3179 1344 3260 lonclin'o
1359 3173 1394 3259 in
1412 3174 1699 3259 consecratione
1716 3172 1806 3258 dicti
1824 3172 1857 3258 F
1860 3171 2029 3258 ulchonis

402 3291 709 3409 Arcbiepiscopi,
741 3291 979 3408 presentibus
1000 3321 1160 3408 quorum
1180 3292 1332 3378 nemina
1351 3291 1524 3376 istasunt
1526 3353 1638 3375 ..........
1643 3288 1702 3400 (⁴)
1724 3290 1772 3374 de
1792 3281 2027 3391 Seceeliom'o,

403 3540 461 3624 (die
480 3539 517 3604 15
533 3539 644 3604 mensis
659 3538 797 3626 Augusti)
818 3538 981 3604 Laurentio
1001 3537 1154 3684 Episcopo
1176 3535 1405 3602 Vratislaviensi
1423 3533 1602 3599 successisse
1618 3541 1745 3599 constet.
1782 3522 1859 3618 (Vin.
1881 3535 2028 3620 Dlugoss.

403 3623 513 3721 Cbron.
531 3623 580 3688 Vl.
595 3621 668 3688 648.
703 3623 808 3718 Ejusd.
830 3624 908 3688 llist.
930 3621 1084 3728 Smoporz.
1151 3618 1236 3767 ΙἻηιά
1259 3618 1443 3716 Summersb.
1467 3619 1588 3704 Scriptt.
1609 3639 1669 3682 ror.
1692 3618 1831 3716 Sileni.
1853 3619 1882 3684 ll
1903 3639 1933 3717 ρἶ
1957 3621 2028 3700 lde.

403 3707 479 3774 lbrd.
496 3727 523 3791 p.
541 3706 602 3770 155
617 3725 700 3791 seqq.
715 3707 785 3772 Vita
801 3706 937 3771 Thomae
951 3707 973 3770 l.
989 3705 1057 3788 lapi.
1072 3705 1174 3769 Vretrs
1186 3704 1211 3798 ..)
1225 3703 1415 3787 Prrmlegrum
1427 3701 1485 3768 hoc
1497 3711 1567 3767 arete
1582 3723 1717 3768 mensem
1733 3703 1847 3768 Julrum
1864 3722 1933 3768 anm
1948 3703 2029 3768 1232

406 3793 510 3857 dotum
532 3790 625 3855 luisse
647 3790 718 3855 inde
740 3789 934 3875 conjicimus,
956 3789 1038 3874 quod
1057 3787 1108 3852 die
1129 3788 1151 3856 tl
1172 3809 1237 3871 eius
1258 3787 1371 3851 mensis
1392 3795 1423 3852 et
1444 3788 1513 3851 enni
1535 3787 1717 3852 Laurentius
1737 3788 1907 3874 Episcopus
1929 3809 1946 3852 e
1969 3788 2029 3852 vita
2134 3841 2136 3848 .

403 3875 484 3944 abiit.
498 3873 649 3959 (lllugoss.
660 3874 749 3958 ibid).
771 3875 861 3940 Errat
871 3875 963 3958 igitur
974 3873 1154 3957 Dlugoesins
1166 3873 1288 3936 tradens
1298 3870 1485 3956 Episcopum
1500 3869 1648 3937 Tbomam
1664 3893 1681 3936 a
1698 3871 1856 3937 Vincentio
1871 3872 2029 3936 etiamtum

404 3955 643 4044 Archiepiscepo
658 3957 842 4036 Gnesnensi,
864 3959 916 4044 qui
931 3959 1097 4024 Falconem
1112 3959 1142 4021 in
1158 3977 1193 4022 ee
1210 3957 1355 4042 dignitate
1370 3957 1550 4039 praecessit,
1566 3957 1777 4040 inauguratum
1794 3954 1893 4019 luisse.
1923 3957 2029 4039 Neque
2052 3977 2064 3990 ··

403 4043 434 4108 in
457 4043 565 4108 minori
588 4063 691 4108 errore
711 4049 864 4120 versatur,
937 4043 977 4107 od
1000 4041 1109 4106 attinet
1133 4041 1169 4106 ad
1193 4061 1304 4106 nomen
1330 4041 1515 4105 successoris
1541 4041 1707 4114 Vincentii,
1737 4039 1886 4123 siquidem
1907 4039 2029 4104 duobus

404 4127 479 4192 locis
508 4145 564 4209 pro
592 4127 726 4194 Falcone
756 4127 874 4212 (polan.
894 4063 1015 4210 ipim)
1043 4127 1168 4190 Petrum
1195 4144 1264 4218 eum
1294 4124 1432 4209 appellnt.
1458 4124 1491 4191 l..
1517 4123 1567 4188 vt.
1592 4144 1622 4206 p.
1647 4123 1718 4187 oet.
1743 4132 1775 4187 et
1798 4117 1876 4195 648:
1904 4124 1945 4190 rle
1965 4141 2030 4210 quo

405 4210 839 4293 Damalerioiuslser.1lreln'e
883 4256 891 4275 .
908 4211 1017 4276 onem.
1033 4231 1063 4295 p.
1080 4209 1150 4290 134)
1166 4210 1292 4273 meliora
1306 4205 1406 4271 tradit.
1753 4217 1758 4222 '

506 4296 544 4378 (²)
574 4296 608 4359 ln
624 4293 684 4359 boc
699 4234 920 4360 mutilntcplpco
935 4295 1072 4379 suspicor
1085 4295 1232 4379 seriptum
1247 4291 1341 4357 luisse
1354 4293 1495 4355 verbum:
1516 4289 1733 4367 „concorden”
1748 4291 1794 4356 vel
1809 4292 1990 4357 cnemis.

506 4381 546 4460 (³)
576 4377 672 4444 Simili
688 4381 805 4444 ratione
820 4379 868 4444 hic
882 4379 990 4444 rerba:
1009 4379 1120 4462 „iuml
1131 4377 1271 4464 pulsoto”
1287 4375 1434 4440 excidisse
1450 4374 1548 4438 credo.

450 4505 453 4514 ·
506 4463 546 4546 (⁴)
576 4464 648 4539 llic,
670 4464 726 4528 nisi
744 4465 847 4541 lallor,
870 4461 1137 4528 Siecieeboriensis
1159 4461 1287 4527 abbatis
1310 4479 1421 4523 nomen
1443 4459 1575 4546 positum
1599 4457 1663 4524 luit.
1693 4461 1801 4525 Procul
1818 4459 1911 4524 dnbio
1925 4464 2028 4524 autem

406 4567 443 4613 eo
464 4546 603 4632 tempore
626 4549 767 4612 Nicolaus
790 4549 888 4613 dictus
915 4547 1047 4612 Gallicus
1069 4545 1127 4610 bac
1147 4545 1293 4630 dignitate
1313 4543 1434 4609 iunctus
1455 4553 1517 4621 est,
1547 4563 1638 4630 quem
1662 4546 1692 4608 in
1715 4545 1817 4628 privile
1838 4544 1867 4605 io
1888 4541 2028 4607 tabularii

405 4631 449 4696 Ge
472 4631 535 4696 ituli
562 4632 769 4697 Crecoviensis
790 4633 858 4696 anni
884 4632 966 4696 1224
988 4629 1136 4695 nominari
1159 4631 1265 4705 video,
1294 4636 1325 4694 et
1347 4629 1398 4716 qni
1419 4636 1550 4695 testante
1575 4630 1740 4712 Dlugossio
1762 4628 1805 4708 (L.
1855 4627 1877 4690 l.
1896 4645 1924 4709 p.
1946 4626 2029 4711 651),

405 4651 575 4780 boleslaum
598 4715 746 4781 Pudicum
770 4724 957 4800 matremque
980 4715 1045 4802 ejus
1068 4713 1276 4778 Grimislevem
1294 4711 1461 4780 incarcere
1480 4713 1571 4779 castri
1592 4709 1856 4777 Sieciecboriensis
1878 4711 2029 4785 detentos,

407 4817 444 4861 ex
459 4798 582 4875 eodem,
605 4819 685 4864 enno
704 4799 802 4876 1234,
824 4801 967 4866 liberarit
1003 4801 1060 4863 Est
1080 4807 1181 4862 autem
1205 4797 1378 4863 Siccieelrdeo
1402 4799 1547 4884 oppidum
1568 4793 1740 4883 parochiale
1763 4815 1858 4880 prope
1879 4789 2027 4860 Vistularn

405 4883 497 4946 sitnm
513 4882 726 4951 Redemiensis
741 4886 894 4964 territorii,
910 4882 1142 4950 lloszeniecnsis
1157 4901 1228 4948 rere
1244 4883 1384 4966 regionis.
