4800 5942
1009 725 1184 801 -oat
1241 766 1286 780 -

333 941 372 1016 et
393 927 538 1015 Civium
558 941 741 1015 terrarum
762 939 975 1014 nostrarum
996 923 1224 1032 Littbvanie,
1254 923 1415 1034 Russie,
1452 927 1685 1044 Samagitbie
1706 942 1777 1016 etc.
1798 927 1969 1016 homines

333 1046 559 1151 tributarios,
581 1044 789 1132 orienarios
810 1044 891 1155 (sic)
914 1044 1134 1132 kmetbones
1156 1045 1453 1162 manucipiorum
1475 1045 1678 1150 obnoxios,
1701 1047 1970 1167 cuiuscumque

334 1195 449 1252 sexus
469 1162 622 1268 luerint,
643 1177 708 1248 aut
728 1159 960 1250 condicionis
981 1163 1182 1268 extiterint,
1203 1192 1280 1250 non
1302 1163 1567 1279 suscipiemus,
1588 1192 1661 1249 nec
1682 1162 1862 1250 officiales
1882 1169 1969 1253 nos'·

334 1297 414 1368 tros
430 1280 625 1396 suscipere
641 1280 906 1397 permittemus,
928 1278 1030 1398 quod
1047 1294 1084 1368 et
1098 1281 1169 1398 ipsi
1189 1279 1341 1382 Prolati,
1362 1280 1571 1396 Principes,
1591 1279 1779 1386 Baroues,
1800 1278 1970 1388 Nobiles,

206 1457 213 1468 ·
241 1491 246 1498 ,
334 1397 488 1515 Boijari,
511 1413 547 1484 et
569 1397 683 1484 Cives
702 1395 998 1516 Magniducatus
1018 1397 1245 1503 Litthvanie,
1277 1397 1439 1503 Russie,
1470 1398 1703 1518 Samagitbie
1724 1412 1794 1484 etc.
1816 1414 1970 1486 nostros

202 1585 206 1594 ,
334 1527 372 1603 et
391 1543 659 1602 successorum
680 1530 893 1602 nostrorum
915 1515 1080 1603 similiter
1100 1515 1287 1619 homines,
1313 1516 1583 1634 cuiuscumque
1605 1529 1736 1618 status,
1759 1543 1885 1618 sexus
1906 1531 1971 1603 aut

335 1630 569 1746 condicionis
590 1633 783 1738 extiterint,
804 1631 1009 1750 suscipiant
1055 1663 1173 1739 erse,
1198 1634 1257 1720 vel
1278 1663 1349 1751 per
1369 1631 1480 1718 alium
1496 1665 1604 1730 suum
1621 1633 1827 1738 officialem,
1849 1637 1971 1722 susci-

333 1781 426 1954 gare
447 1748 717 1870 quoquomodo
737 1767 967 1869 presumant
1017 1663 1109 1838 llem
1131 1781 1247 1868 super
1268 1750 1440 1838 subditos
1460 1751 1713 1865 predictorum
1741 1751 1970 1869 Principum,

373 1897 551 1971 aronum,
591 1865 800 1972 Nobilium,
841 1884 878 1956 et
912 1867 1152 1984 Boyarorum
1188 1867 1471 1973 Ministeriales,
1513 1868 1607 1955 alias
1641 1875 1851 1970 Dzeczslre,
1893 1902 1970 1960 nou

334 1981 526 2082 dabimus,
558 1987 627 2071 nisi
648 1987 753 2100 prius
773 2015 797 2070 a
818 1984 982 2089 domino,
1014 1988 1120 2072 cuius
1141 1986 1310 2073 subditus
1330 1986 1460 2072 lecerit
1478 1985 1667 2090 iniuriam,
1698 1987 1843 2071 iusticia
1864 1989 1972 2074 luerit

227 2201 229 2208 ,
332 2101 541 2221 postulata:
572 2104 634 2220 qui
666 2103 698 2187 si
730 2102 766 2187 in
797 2117 902 2188 certo
933 2104 1105 2188 termino
1122 2101 1282 2186 eandem
1313 2101 1438 2186 lacere
1469 2101 1652 2206 renuerit,
1685 2115 1821 2190 extunc
1841 2118 1972 2192 noster

335 2219 603 2332 ministerialis,
633 2216 695 2305 vel
725 2231 940 2305 nostrorum
972 2215 1183 2303 officialium
1204 2231 1264 2305 est
1283 2215 1525 2336 dirigendus,
1558 2231 1722 2322 atreus,
1753 2221 1814 2338 qui
1833 2251 1970 2338 penam

334 2337 524 2443 meruerit,
546 2335 643 2422 illam
666 2333 818 2424 domino
839 2365 923 2440 suo,
945 2349 982 2421 et
1001 2364 1077 2422 non
1098 2333 1204 2421 alteri
1225 2333 1376 2422 solvere
1397 2335 1445 2421 sit
1464 2335 1651 2421 astrictus
1702 2336 1794 2423 ltem
1816 2341 1971 2456 promit·

334 2455 445 2542 timus
470 2468 508 2541 et
528 2452 779 2571 spondemus:
810 2450 912 2569 quod
933 2449 1097 2539 dominia
1117 2481 1186 2540 seu
1207 2464 1330 2540 terras
1360 2449 1654 2570 Magniducatus
1675 2456 1793 2540 nostri
1814 2454 1971 2571 predicti

334 2602 410 2660 non
433 2571 689 2677 diminuemus,
710 2569 779 2658 sed
799 2571 835 2655 in
851 2571 930 2656 suis
946 2568 1145 2677 limittibus',
1164 2582 1280 2772 prout
1294 2571 1708 2675 antecessoresnostri,
1725 2585 1763 2658 et
1778 2572 1973 2690 signanter

334 2691 509 2778 dominus
539 2686 759 2776 Alexander
789 2685 883 2774 abas
916 2685 1133 2774 Witowdus
1199 2701 1329 2775 atruus
1357 2701 1488 2774 noster
1514 2699 1584 2776 etc.
1613 2687 1780 2804 prelatus
1800 2691 1915 2776 tenuit
1935 2704 1974 2778 et

332 2805 525 2928 possedit,
556 2807 613 2896 sic
633 2823 671 2895 et
690 2835 782 2911 nos,
805 2804 960 2893 easdem
981 2804 1109 2900 salvas
1131 2818 1169 2890 et
1188 2805 1358 2924 integras
1380 2803 1606 2910 tenebimus,
1637 2804 1914 2922 possidebimus
1936 2822 1975 2894 et

241 3005 246 3013 .
333 2925 540 3030 tuebimur,
570 2937 684 3042 atqua
714 2953 798 3009 cum
830 2921 891 3009 dei
922 2923 1078 3030 auxilio,
1110 2951 1180 3037 pro
1208 2925 1353 3010 cunctis
1380 2923 1519 3010 nostris
1547 2922 1723 3029 viribus,
1739 2922 1971 3012 studebimus
2119 2919 2121 2925 ’

336 3041 502 3128 dilatare.
553 3040 645 3126 ltem
665 3041 916 3157 promittimus¹
934 3052 972 3124 et
991 3039 1233 3157 spondemus:
1260 3038 1361 3157 quod
1383 3041 1420 3126 in
1441 3040 1549 3127 terris
1570 3041 1661 3156 ipsis
1681 3042 1831 3145 nostris,
1853 3039 1971 3156 ipsius

335 3157 469 3280 Magni
497 3155 669 3246 Ducatus
698 3170 840 3262 terrae,
872 3169 1019 3259 castra,
1050 3157 1241 3263 civitates,
1273 3187 1340 3242 seu
1370 3185 1626 3276 quascumque
1656 3156 1903 3262 hereditates,
1933 3159 1970 3245 in

335 3276 585 3397 posessiones
605 3288 644 3363 ct
657 3287 817 3378 tenutas,
838 3303 886 3362 ac
901 3300 1137 3392 quecumque
1158 3273 1282 3361 officia
1303 3275 1385 3362 siva
1404 3283 1633 3392 personatus
1654 3273 1735 3386 (sic)
1757 3272 1972 3396 dignitates,

338 3389 426 3482 nulli
446 3410 730 3499 extraneorum,
761 3392 834 3480 sed
853 3392 974 3480 solum
994 3390 1180 3513 indigenis
1199 3395 1365 3510 ipsarum
1385 3405 1571 3478 terrarum
1593 3404 1807 3480 nostrarum
1838 3391 1972 3512 Magni

337 3511 512 3599 Ducatus
534 3510 738 3628 supradicti
759 3510 943 3616 dabimus,
967 3523 1005 3594 et
1023 3511 1142 3597 nostri
1163 3539 1412 3598 successores
1434 3506 1586 3614 dabunt,
1608 3507 1769 3596 tenenda
1790 3523 1826 3595 et
1845 3509 1972 3625 possi·
2053 3529 2058 3536 ·

338 3625 474 3716 denda.
505 3639 508 3644 ’
535 3627 702 3732 Harum,
743 3627 878 3748 quibus
914 3625 1074 3748 sigillum
1111 3643 1277 3715 nostrum
1313 3626 1553 3743 presentibus
1589 3639 1647 3713 est
1678 3625 1972 3744 subappensum,

337 3746 550 3836 testimonio
575 3741 775 3834 literarum.
826 3747 963 3834 Actum
984 3759 1023 3832 et
1042 3743 1171 3834 datum
1197 3774 1268 3864 per
1296 3773 1429 3832 manus
1459 3741 1655 3862 Magnillci
1686 3742 1971 3863 Kyesgalovicz

338 3863 389 3952 de
408 3871 653 3966 Danztttcwc,
674 3861 970 3984 Magniducatus
989 3861 1199 3955 Litthvanie
1220 3861 1453 3978 Cancellarij.
1501 3868 1616 3963 Vitne,
1637 3864 1728 3950 leria
1749 3864 1866 3950 tercia
1886 3862 1971 3978 ipso

338 3981 399 4070 die
420 3983 548 4070 Sancti
569 3982 820 4104 Sigismundi,
856 4011 956 4070 anno
977 3981 1116 4070 domini
1134 3981 1328 4080 millesimo
1349 3978 1718 4101 quadringentesimo
1740 3980 1826 4096 quin
1856 4005 1972 4098 uage

328 4100 438 4188 *simo
459 4102 630 4215 septimo.
688 4101 876 4216 Scriptum
896 4129 966 4218 per
992 4131 1126 4190 manus
1152 4097 1303 4188 Martini
1330 4098 1380 4187 da
1404 4105 1529 4211 lurley
1557 4096 1752 4184 Notarium
1774 4009 1877 4206 (sibl,
1908 4094 1972 4213 qui

338 4217 539 4335 presencia
559 4215 688 4303 babuit
706 4218 743 4303 in
764 4218 947 4304 comissis.
