4778 5952
1109 784 1384 855 -244-

358 1000 363 1012 '
430 989 480 1076 dc
510 995 731 1075 Loczmtow
761 985 1094 1092 Zawicbostiensi,
1125 982 1361 1074 Demaratbo
1384 981 1593 1100 Byeceosi,
1619 982 1872 1091 Castellaois3
1904 986 2064 1106 olijsque

431 1106 734 1227 quamplurimis
754 1103 831 1191 lide
852 1103 888 1188 di
921 1105 988 1190 ois.
1039 1103 1175 1192 Datum
1206 1133 1277 1220 per
1308 1133 1440 1189 manus
1470 1099 1707 1190 Venerabilis
1737 1103 1887 1190 Domini
1917 1102 2062 1194 Decani

431 1239 470 1312 et
490 1224 671 1312 Canonici
694 1224 820 1342 llegni
840 1133 1023 1309 poloniae
1043 1219 1354 1338 Vicacanccllorij
1376 1218 1486 1306 nobis
1507 1222 1655 1307 sincere
1676 1219 1811 1308 dilecti.
1861 1220 1924 1308 Ad
1953 1221 2061 1312 rella-

330 1451 334 1460 ,
429 1346 567 1432 tionem
597 1342 680 1454 (sic)
712 1341 881 1460 ejusdem
909 1339 1149 1428 Venerabilis
1182 1339 1331 1428 Domini
1363 1339 1674 1457 Vicccaoccllarij
1705 1338 1835 1459 Regni
1868 1339 2061 1444 Poloniae,

429 1463 492 1579 qui
513 1459 726 1580 praesentia
748 1457 875 1548 babuit
894 1460 931 1546 in
953 1460 1177 1548 commissis.

1139 1807 1352 1924 CXXXV.

576 2027 580 2034 ι
693 2077 931 2173 Rornae,
958 2094 1113 2164 anno
1139 2075 1275 2162 1311
1301 2079 1353 2162 rt.
1383 2077 1457 2164 14
1481 2099 1551 2162 m.
1578 2018 1799 2180 annus.

427 2280 699 2359 sennam
714 2280 822 2354 tumor
832 2277 897 2350 lux
907 2279 1082 2365 monac
1104 2280 1284 2354 Soandos
1299 2279 1385 2354 uero
1399 2279 1577 2370 haemo
1587 2279 1718 2354 merocli
1730 2279 1769 2354 la
1783 2281 2008 2380 Magnorum.
2027 2282 2060 2356 tn

425 2377 535 2472 solem
555 2383 753 2456 onrcutoc
773 2382 842 2454 tora
862 2380 987 2470 morbo
1006 2382 1042 2454 ot
1062 2381 1285 2474 scotimmolia
1304 2381 1500 2456 infirmata
1519 2382 1692 2476 permittit,
1714 2397 1807 2475 quan
1826 2385 2060 2460 comessionem

509 2486 646 2560 lomnes
660 2484 768 2558 senior
782 2484 847 2566 tux
861 2484 1022 2558 nemrim
1037 2481 1451 2670 monotffligitrtnfflrdu
1464 2500 1538 2558 roro
1551 2481 1620 2557 lex
1633 2483 1779 2558 folcuino
1795 2501 1876 2558 enno
1890 2483 1975 2572 1111,

529 2813 633 2898 1531.
676 2807 717 2893 lo
739 2810 888 2894 nomine
909 2797 1066 2912 domiui,
1099 2835 1220 2918 amen.
1272 2807 1333 2893 Ad
1363 2823 1582 2926 perpetuam
1613 2809 1666 2894 rei
1692 2807 1919 2893 memoriam.
1972 2805 2058 2894 Nos

427 2923 694 3050 Sigismuodus
716 2923 776 3012 dei
797 2925 920 3044 gratia
940 2923 1027 3013 Rex
1048 2923 1231 3012 Polooiae
1252 2937 1321 3012 etc.
1357 2923 1629 3046 Significamus'
1644 2939 1775 3012 tenore
1795 2925 2059 3044 praesencium

427 3063 498 3136 etc.
542 3045 645 3159 Quia
665 3044 848 3131 exhibitae
869 3058 954 3132 sunt
975 3071 1104 3130 coram
1125 3043 1234 3131 nobis
1255 3045 1404 3131 nomine
1426 3041 1613 3132 Nobilium
1636 3041 1833 3150 Staoislai,
1852 3041 2003 3132 Martini
2025 3061 2060 3131 et

425 3163 584 3253 Joaonis
610 3163 697 3250 olim
726 3159 872 3250 Nobilis
894 3227 1030 3248 .....
1062 3159 1374 3282 Magoussewslrj
1396 3163 1575 3268 filiorum,
1607 3159 1789 3249 heredum
1810 3161 1858 3250 de
1878 3169 2058 3276 Moenus-

373 3390 376 3396 ,
425 3316 522 3370 sewu
544 3283 581 3368 io
599 3281 749 3368 Ducatu
770 3279 960 3366 Mazowic
982 3293 1018 3366 et
1044 3279 1222 3368 Districtu
1254 3281 1459 3369 Czeroensi
1480 3279 1558 3384 siti,
1589 3279 1709 3366 littere
1730 3281 1964 3396 iolrascripte
1986 3279 2057 3366 sub

425 3399 528 3488 titulo
550 3413 587 3486 et
607 3399 729 3518 sigillo
753 3397 838 3484 olim
869 3397 1024 3484 lllustris
1051 3395 1209 3485 terronis
1230 3399 1400 3487 Senioris
1420 3398 1540 3485 Ducis
1561 3395 1751 3486 lllazowie
1773 3396 2057 3512 predecessoris

425 3518 553 3614 nostri,
588 3517 819 3603 continentes
841 3517 877 3601 io
898 3546 942 3602 se
962 3513 1282 3603 confirmationem
1304 3516 1485 3638 priuilegij
1509 3516 1594 3602 olim
1615 3517 1798 3604 Semouiti
1818 3513 1935 3602 llucis
1958 3515 2057 3602 simi-

425 3636 507 3723 liter
522 3635 746 3736 blazowiae,
768 3665 883 3752 super
897 3635 980 3721 lora
996 3635 1142 3722 annalia
1154 3651 1196 3722 el
1211 3634 1479 3754 septimanalia,
1501 3633 1622 3722 eidem
1644 3635 1759 3753 opido
1779 3633 2058 3753 lllagoussewo

423 3752 618 3854 concessi,
650 3749 972 3953 surfflicatumque
1004 3767 1062 3838 est
1090 3752 1198 3839 nobis
1228 3755 1480 3872 praelatorum
1516 3751 1697 3839 heredum
1729 3754 1897 3860 nomine,
1930 3766 1969 3839 ut
1988 3780 2056 3838 eas

403 3873 527 3989 ipsas
547 3871 686 3975 literas,
734 3900 755 3954 e
775 3867 1007 3986 benignitate
1029 3885 1158 3958 nostra
1179 3870 1318 3992 Regia,
1339 3872 1389 3958 ob
1411 3901 1539 3959 earum
1561 3883 1793 3977 vetustatem,
1814 3871 1914 3957 omni
1934 3883 2057 3958 tameo

422 4019 581 4107 prorsus
601 3989 690 4076 vitio
712 4000 748 4073 et
768 3988 983 4105 suspitionis
1009 4001 1097 4074 nota
1119 4003 1314 4096 carentes,
1346 3991 1527 4076 innovare
1547 3987 1772 4108 approbare,
1798 3988 2000 4076 ratissicare
2021 4003 2057 4072 et

425 4101 648 4193 confirmare
669 4103 921 4228 dignaremur,
943 4135 1100 4224 quarum
1122 4121 1230 4194 tenor
1249 4109 1285 4194 io
1307 4106 1378 4194 bec
1397 4105 1517 4194 verba
1537 4107 1704 4228 sequitur
1725 4120 1761 4193 et
1782 4121 1839 4193 est
1860 4105 1964 4194 talis:
2039 4118 2044 4126 “

525 4229 632 4309 1424.
672 4223 714 4310 ln
736 4223 883 4309 nomine
904 4221 1053 4328 domini,
1075 4254 1196 4311 amen.
1243 4223 1305 4312 Ad
1324 4224 1380 4312 rei
1400 4225 1616 4312 memoriam
1638 4223 1920 4344 sempiternam:
1941 4223 2055 4312 tean-

421 4373 491 4430 nes
523 4338 584 4428 dei
614 4343 738 4476 gratia
768 4341 905 4430 Senior
926 4341 1002 4430 dux
1032 4341 1208 4430 Marouie
1240 4360 1277 4431 et
1306 4341 1447 4432 Russie
1467 4341 1670 4454 Terrarum
1692 4339 1864 4430 dominus
1887 4358 1922 4428 et
1942 4339 2054 4425 beres

423 4459 652 4550 Czerncosrs
674 4475 744 4546 etc.
767 4459 815 4548 ad
837 4462 1002 4548 notitiam
1024 4463 1284 4550 universorum
1299 4463 1527 4582 presentium
1548 4475 1585 4550 et
1599 4462 1806 4550 futurorum
1821 4457 2054 4563 deducimus,

421 4591 457 4666 et
487 4576 623 4668 deduci
656 4575 828 4666 volumus
860 4579 1087 4694 presentium
1113 4612 1183 4699 per
1203 4595 1381 4669 tenorem.
1435 4579 1538 4696 Quia
1558 4595 1690 4668 nostro
1711 4606 1755 4666 se
1777 4578 1943 4702 ellorens
1961 4603 2054 4662 coo-

521 4827 563 4926 l¹l
592 4827 619 4893 Ε
641 4829 720 4894 libro
743 4846 835 4892 mano
857 4827 970 4911 scripto
996 4827 1124 4916 Metrico
1152 4827 1248 4914 llegni
1270 4831 1351 4898 dicto
1371 4831 1402 4895 in
1424 4829 1616 4895 Varsoriensi
1633 4829 1790 4899 tabulario
1814 4827 1935 4914 publico
1957 4823 2053 4909 Regni
2149 4873 2152 4880 ,

389 4987 392 5004 ⁸
421 4907 567 4978 Polonmc
582 4919 748 4988 ussaruato,
764 4911 820 4978 11ῐο
835 4911 911 4977 mv.
927 4910 976 4977 iol.
990 4910 1055 4977 279
1069 4913 1262 5000 descriptum.
