4800 5942
1145 757 1190 772 -
1242 715 1319 790 coa
1374 755 1419 770 -

460 937 498 1008 et
513 923 676 1008 lratema
693 915 956 1022 vicissitudine,
973 915 1021 1002 de
1037 919 1120 1033 pari
1136 918 1339 1010 asistenoia
1350 917 1432 1028 (sic)
1443 915 1605 1004 reddere
1620 920 1839 1005 cerciorem:
1861 939 2097 1036 puramente

348 1116 352 1127 .
419 1060 427 1080 ‘
460 1053 498 1126 et
513 1034 749 1126 irrevocabili
765 1036 1105 1153 animaliumque
1126 1049 1162 1120 et
1177 1031 1376 1120 inviolabili
1392 1037 1609 1151 sponsione,
1631 1067 1678 1121 ex
1699 1051 1803 1122 certa
1824 1053 1953 1125 nostra
1972 1041 2109 1128 setun

460 1159 530 1261 cia,
552 1170 588 1242 et
604 1169 746 1246 matura
763 1151 1053 1259 deliberacione,
1075 1153 1339 1268 voluntateque
1353 1153 1545 1264 ultronea,
1560 1184 1635 1240 non
1652 1154 1846 1271 compulsi,
1868 1185 1945 1242 non
1961 1161 2094 1261 coacti,

460 1269 527 1360 seu
548 1272 671 1390 aliquo
695 1300 825 1357 errore
846 1269 1003 1378 seducti,
1052 1272 1270 1357 romittimus
1291 1284 1328 1356 et
1348 1267 1477 1356 litteris
1497 1265 1735 1386 presentibus
1756 1273 1967 1360 firmamus:
1992 1274 2094 1390 quod

458 1393 579 1508 ipsum
599 1389 802 1476 Dominum
823 1303 1127 1506 Sigismundum,
1156 1387 1343 1504 Magnum.
1368 1387 1534 1491 Duceni,
1566 1417 1614 1475 oc
1634 1387 1931 1506 Magniducatus
1951 1392 2095 1483 iunctas

459 1523 496 1596 et
516 1507 698 1611 subditos,
720 1505 901 1592 deserere
923 1537 998 1593 non
1020 1504 1221 1610 debemus3
1252 1503 1322 1590 sed
1334 1509 1399 1590 eis
1420 1515 1499 1592 toto
1515 1536 1632 1621 posse
1653 1523 1690 1614 et
1704 1508 1855 1608 viribus
1878 1523 2096 1598 constanter

458 1627 626 1728 asistere,
648 1639 685 1710 et
705 1654 774 1710 eos
791 1639 925 1710 contra
941 1622 1097 1709 insultus
1114 1621 1363 1740 quorumlibet
1379 1623 1567 1710 bominum
1583 1625 1802 1724 vivencium,
1825 1628 2095 1744 cuiuscumque

459 1755 600 1848 status,
623 1737 866 1846 condicionis,
887 1741 1044 1860 grados,
1067 1739 1126 1825 vel
1147 1739 1350 1826 eminenci'e
1365 1740 1515 1845 luerint,
1533 1740 1726 1828 adiuvare.
1770 1739 1926 1862 Nosque
1947 1757 1984 1830 ot
2004 1775 2094 1831 suc·

345 1920 355 1932 ·
459 1889 638 1956 cessores
669 1860 808 1962 nostri,
842 1889 918 1944 uon
950 1853 1131 1944 debemus
1163 1858 1342 1974 prelatum
1375 1857 1576 1944 Dominum
1608 1858 1909 1976 Sigismundum,
1946 1863 2093 1948 Ducem

457 1975 656 2095 Magnum,-
676 1989 714 2062 et
729 2005 821 2062 suos
838 2003 1098 2079 successores
1119 1977 1274 2061 racione
1290 1973 1502 2062 huiusmodi
1519 1975 1687 2092 subsidij,
1709 1987 1779 2093 pro
1795 1963 2092 2096 quibuscumque

457 2085 631 2211 dampnis
659 2119 859 2197 amovere,
891 2093 1061 2210 exceptis
1091 2091 1312 2177 victualibus
1343 2105 1391 2176 et·
1408 2092 1554 2209 pabulis
1585 2125 1768 2212 equomm
1799 2099 2023 2215 necessarijs
2055 2097 2093 2182 e't

279 2163 305 2322 Ι,
458 2212 688 2328 opportunis.
729 2205 779 2296 Et
798 2212 961 2327 insuper,
981 2209 1153 2296 volentes
1172 2209 1355 2326 prelatum
1375 2212 1530 2296 fratrem
1552 2225 1720 2300 nostrum
1743 2211 1895 2335 Duceni
1908 2211 2092 2334 Magnum

456 2327 758 2447 Sigismundum,
796 2329 950 2444 speciali
986 2329 1119 2445 gracia
1156 2341 1192 2415 et
1223 2329 1379 2439 caritate
1413 2330 1576 2416 lraterna
1613 2325 1786 2444 amplecti
1822 2346 1861 2417 et
1891 2331 2090 2420 consolari:

457 2445 635 2565 quodque
670 2474 765 2563 erga
801 2473 871 2532 nos
907 2444 1131 2532 lervenciori
1167 2443 1392 2531 exardescat
1422 2446 1642 2565 ludentque
1672 2448 1856 2534 bonitate:
1901 2451 2023 2567 ipsum
2051 2452 2090 2538 in
2172 2519 2173 2525 Ν

456 2581 603 2682 partem
619 2560 872 2649 sollicitudinis
894 2571 1023 2658 nostre
1043 2576 1292 2666 assumentes,
1313 2559 1499 2682 Magnum
1519 2561 1706 2650 Donatum
1727 2565 1927 2652 Terrarum
1945 2584 2092 2656 nostra·

456 2708 541 2766 rum
572 2679 793 2763 Littbwanie
813 2694 858 2764 et
885 2679 1045 2784 Russie,
1077 2695 1364 2797 ceterorumque
1393 2681 1639 2768 dominiorum
1670 2681 1841 2767 Ducatus
1868 2684 2028 2797 predicti
2056 2702 2094 2771 et

457 2811 592 2882 nostra
610 2794 709 2880 bona
727 2809 883 2908 paterno
905 2793 1087 2881 videlicet:
1109 2802 1279 2906 Wytnom,
1302 2810 1339 2883 et
1359 2797 1432 2883 alia
1453 2792 1554 2884 bona
1575 2797 1624 2884 ad
1644 2813 1811 2884 nostrum
1829 2800 2090 2916 patrimonium

459 2913 693 3029 spectancia:
714 2911 765 2996 de
787 2927 931 2998 matura
952 2928 1081 2998 nostra
1102 2911 1399 3020 deliberacione,
1421 2916 1524 3000 circa
1545 2917 1661 3031 ipsius
1683 2915 1923 3001 ellecoionem
1944 2911 2091 3003 Princi-

485 3062 567 3135 um,
599 3027 857 3132 Prelatorum,
887 3029 1080 3116 Beronum
1103 3043 1139 3116 et
1160 3027 1347 3116 Nobilium
1368 3045 1610 3149 utrorumque
1632 3033 1901 3136 dominiorum,
1921 3032 2094 3121 videlicet

457 3061 586 3264 llegni
605 3146 765 3233 Polonie
785 3161 822 3232 et
842 3148 1011 3233 Ducatus
1031 3146 1164 3266 Magni
1184 3145 1389 3253 Litbvanie,
1409 3145 1536 3234 habita
1557 3151 1655 3236 iuxta
1678 3152 1951 3264 continenciam
1967 3149 2091 3237 litera-

458 3283 553 3369 rum‘,
574 3293 690 3380 super
710 3264 915 3350 elleccione
934 3264 1146 3352 huiusmodi
1166 3264 1301 3369 fienda,
1324 3265 1418 3353 alias
1439 3265 1715 3354 confectarum:
1752 3267 1886 3353 domus
1908 3283 1944 3354 et
1963 3267 2090 3356 conle·
2215 3367 2220 3378 .

458 3384 574 3469 rimus
596 3381 644 3466 ad
663 3394 837 3498 tempora
858 3411 927 3468 sue
945 3384 1038 3468 vite:
1071 3381 1174 3470 titulo
1196 3383 1395 3501 Suppremi
1417 3379 1656 3501 Principotns
1676 3382 1913 3490 Littbvanie,
1941 3413 2018 3502 quo
2038 3388 2092 3472 uti

460 3499 747 3601 consuevimus,
778 3529 847 3616 pro
878 3499 987 3588 nobis
1019 3513 1056 3584 et
1085 3503 1223 3588 nostris
1245 3501 1534 3589 successoribus
1556 3517 1772 3590 reservato:
1803 3531 1889 3588 cum
1921 3503 2091 3591 omnibus

457 3617 586 3718 terris,
627 3616 780 3719 castris,
821 3616 1069 3722 districtibus,
1106 3619 1238 3734 curijs,
1276 3619 1405 3723 wiltis,
1441 3631 1479 3704 et
1509 3618 1683 3736 omnibus
1718 3613 1931 3707 utilitatibus
1963 3619 2014 3706 ad
2046 3647 2091 3708 ea

458 3731 736 3850 spectantibus,
769 3731 920 3820 firmiter
940 3750 976 3820 et
995 3736 1298 3840 irrevocabiliter,
1330 3751 1368 3822 et
1388 3735 1458 3822 sub
1480 3735 1623 3822 eisdem
1646 3735 1834 3822 limittibus
1855 3753 1892 3823 et
1908 3735 2091 3854 gradibus

449 3849 541 3960 (sic)
556 3850 653 3935 sicot
669 3848 828 3935 eundem
844 3852 918 3966 pije
936 3854 1114 3937 memorie
1129 3851 1303 3941 dominus
1323 3851 1542 3938 Alexander
1561 3854 1655 3940 alias
1673 3852 1902 3968 Wytawdns
1922 3849 2091 3970 Magnus

459 3967 547 4051 Dux
568 3967 728 4052 tenebat.
769 3965 829 4072 Et,
851 3969 883 4054 si
904 3969 1000 4053 inter
1019 3967 1192 4056 subditos
1213 3999 1256 4055 su
1287 4000 1329 4054 er
1349 3968 1561 4056 huiusmodi
1576 3972 1768 4088 granicijq
1790 3971 1848 4056 vel
1864 3969 1945 4084 alijs
1962 3971 2091 4056 causis

457 4082 586 4200 Regni
616 4083 774 4168 Polonie
805 4098 869 4170 aut
900 4085 1031 4202 Magni
1062 4082 1233 4173 Ducatus
1260 3999 1480 4190 livhvanie,
1511 4086 1637 4204 aliqua
1657 4088 1829 4174 dubietas
1852 4113 1922 4172 seu
1944 4089 2091 4205 questio

459 4202 629 4286 oriretur:
661 4201 977 4318 quemadmodum
1008 4203 1044 4288 in
1065 4204 1139 4289 vita
1170 4205 1302 4320 prelati
1333 4202 1451 4290 Ducis
1472 4204 1618 4290 lucrant
1640 4220 1789 4292 exorte:
1821 4201 1870 4289 ad
1892 4203 2034 4290 litteras
2056 4219 2091 4290 et

332 4399 338 4414 ,
459 4315 686 4402 documenta
706 4317 895 4436 legittima,
918 4351 964 4406 ex
986 4333 1144 4438 utraque
1165 4335 1272 4436 parte
1292 4318 1551 4437 producenda,
1571 4333 1805 4427 recurratur3
1828 4335 1865 4407 et
1886 4319 2091 4404 secundum

458 4431 602 4520 illarum
632 4431 1005 4541 determinacionem,
1034 4437 1117 4524 iuris
1148 4437 1327 4554 predictis
1358 4438 1616 4555 questionibus
1649 4435 1839 4552 etdubijs
1868 4435 2090 4556 imponatur.

457 4551 545 4638 lse
580 4575 733 4664 quoque
768 4553 882 4638 irater
916 4568 1067 4658 noster,
1105 4582 1176 4641 nos
1207 4570 1337 4640 tenere
1372 4570 1409 4640 et
1440 4553 1773 4642 bonorare'dabet
1807 4567 1845 4639 et
1876 4567 2021 4640 tenetur
2057 4554 2092 4637 in

355 4703 361 4720 ·
460 4583 589 4756 deruis
611 4667 744 4788 Magni
765 4667 956 4774 Ducatus,
981 4671 1077 4756 siout
1097 4667 1284 4771 dominum
1307 4685 1345 4764 et
1364 4671 1514 4772 fratrem
1536 4701 1643 4758 suum
1666 4671 1887 4778 seniorem„
1922 4667 2092 4786 insuper,

459 4785 667 4901 predictum
688 4787 839 4872 lratrem
862 4799 1046 4886 nostrum,
1068 4788 1321 4875 constanciori
1341 4785 1476 4873 fiducia
1497 4789 1677 4904 prosequi
1699 4789 1895 4904 cupientes
1913 4800 1963 4890 et,
1976 4799 2093 4903 ¹prout
