4778 5952
1102 737 1279 808 —ata
1335 775 1379 787 -·

239 1003 267 1062 ,-
427 947 573 1067 penitus
594 943 776 1047 exclusis,
808 939 959 1045 damus,
988 937 1253 1029 confirmamus
1275 954 1317 1026 et.
1332 938 1519 1027 donamus
1538 939 1823 1058 praenominato
1846 941 2057 1032 Waszkoni

333 1087 363 1176 ,r
427 1080 465 1153 et
495 1065 572 1150 suis
603 1058 829 1148 haeredibus
849 1056 1023 1177 legitimis
1044 1070 1081 1146 et
1101 1057 1391 1146 successoribus
1422 1056 1802 1178 haereditarie,q'ure
1820 1059 1979 1169 leudali,
2009 1093 2056 1152 ea

332 1179 335 1184 ’
424 1182 592 1280 libertate
619 1195 657 1266 et
682 1175 976 1283 consuetudine,
1007 1192 1082 1294 qua
1110 1177 1250 1281 caeteri
1278 1178 1396 1265 nostri
1431 1174 1591 1264 Wasalli
1619 1176 1723 1267 bona
1751 1179 2054 1296 sua=possident

424 1298 653 1418 temporibus
674 1298 864 1417 perpetuis
884 1292 1158 1413 possidendas,
1188 1294 1380 1401 tenendas,
1402 1292 1612 1402 habendes,
1632 1295 1864 1403 vendendas,
1886 1298 2055 1418 obligan-

423 1419 514 1522 das,
546 1415 834 1506 commutandos
856 1415 948 1503 etin
971 1443 1062 1502 usus
1084 1443 1177 1502 suos
1198 1412 1454 1531 beneplacitos
1476 1413 1765 1502 conuertendas.
1816 1413 1905 1502 Hoc
1932 1430 2056 1506 tamen
2134 1461 2146 1484 ·

423 1537 590 1632 excluso,
623 1534 725 1656 quod
747 1533 883 1653 singuli
906 1529 1137 1618 Cmetbones
1158 1530 1340 1619 dicturum
1360 1532 1528 1619 villarum
1550 1531 1661 1619 nobis
1682 1546 1720 1619 et
1739 1535 1877 1620 nostris
1898 1563 2055 1623 succes-

422 1655 573 1744 soribus
601 1651 649 1739 de
678 1652 843 1772 qualibet
869 1651 973 1739 curia
1001 1677 1206 1768 possessa,
1237 1649 1396 1769 singulis
1422 1650 1530 1738 annis
1553 1651 1597 1736 'in
1623 1650 1720 1738 festo
1747 1652 1867 1739 sancti
1893 1649 2054 1757 Mart'mi,

422 1773 532 1861 duos·
551 1799 714 1891 grossos
744 1768 1000 1858 bohemicales
1031 1768 1181 1857 soluere
1208 1797 1279 1885 pro
1300 1793 1418 1856 censu
1440 1795 1614 1857 camerae
1634 1785 1790 1858 nostrae
1809 1771 1883 1862 sint
1901 1773 2055 1860 astricti.

318 1969 329 1988 .
379 1963 384 1970 .
421 1889 562 1980 Etiam
581 1887 683 2009 quod
718 1881 1023 2023 praenominatus
1055 1884 1229 1974 Waszlro
1262 1899 1298 1974 et
1329 1887 1385 1972 sui
1415 1885 1603 1974 haeredes
1634 1902 1672 1975 et
1701 1915 1971 1994 successores,
2006 1888 2055 1978 de

420 2008 665 2128 praescriptis
695 2006 812 2112 vullis,
843 2005 952 2095 nobis
985 2007 1182 2093 etnostris
1213 2005 1395 2122 posteris,
1426 2035 1511 2092 cum
1532 2003 1680 2093 duabus
1701 2005 1817 2094 hastis
1848 2021 1886 2094 ct
1905 2005 2054 2095 duobus
2112 2033 2119 2046 ·

420 2128 634 2244 balistarijs,
659 2126 695 2211 in
717 2125 824 2243 equis
845 2125 1016 2211 etarmis
1037 2123 1361 2211 benevalentibus
1383 2126 1698 2242 etpraeparatis,
1730 2125 2052 2244 quotienscunque
2132 2135 2138 2152 ’

420 2248 457 2334 in
472 2245 578 2332 diota
598 2245 720 2334 Terra
739 2259 870 2330 nostre
889 2240 1058 2330 Russiae
1079 2241 1334 2330 necessarium
1356 2242 1482 2348 luerit,
1513 2244 1657 2329 seruire
1677 2242 1910 2330 tenebuntur.
1952 2243 2050 2338 Pro·

352 2367 353 2376 '
420 2365 593 2450 mittimus
623 2365 776 2482 insuper
801 2359 901 2448 dicto
924 2359 1135 2448 Waszkoni
1158 2371 1194 2444 et
1215 2360 1294 2448 suis
1315 2359 1561 2464 haeredibus,
1593 2359 1697 2480 quod
1718 2362 1750 2448 si
1770 2361 1894 2482 aliqua
1915 2360 2081 2479 domna,

420 2480 616 2585 notabilia,
660 2482 696 2566 in
737 2493 868 2566 nostro
911 2481 1076 2566 exercitu
1116 2477 1187 2562 sub
1228 2491 1371 2581 nostro
1399 2475 1594 2565 Balmario
1635 2479 1672 2565 in
1708 2480 1815 2600 equis
1851 2481 2052 2568 interiectis

419 2599 669 2716 perceperint,
689 2596 749 2682 vel
770 2595 909 2684 detenti
930 2627 998 2683 seu
1020 2595 1195 2713 captiueti
1214 2595 1358 2700 luerint,
1386 2594 1473 2684 talia
1492 2596 1617 2682 omnia
1638 2595 1774 2684 damna
1796 2599 1993 2686 restituere
2016 2611 2055 2684 et

281 2775 284 2782 -
418 2717 470 2803 ab
490 2713 702 2832 hujusmodi
724 2714 956 2832 captiuitate,
986 2712 1133 2830 absque
1154 2741 1283 2799 eorum
1304 2710 1469 2819 damnis,
1500 2713 1669 2802 liberare.
1719 2713 1883 2817 Harum,
1915 2714 2050 2831 quibus

418 2847 588 2920 nostrum
609 2830 769 2950 sigillum
789 2829 1027 2949 presentibus
1048 2847 1107 2918 est
1126 2860 1350 2947 appensum,
1382 2833 1593 2920 testimonio
1613 2833 1813 2924 literarum.
1853 2832 1991 2918 Actum
2011 2833 2049 2919 in

418 2957 626 3064 Lamberpo
655 2948 716 3035 die
748 2947 934 3036 dominica
964 2949 1134 3066 proxime
1165 2947 1246 3060 (sio)
1278 2961 1366 3066 post
1395 2950 1529 3037 lestum
1561 2950 1689 3036 Sancti
1719 2947 1869 3038 Nicolai
1900 2952 2049 3039 conlcs-

419 3070 540 3175 soris,
569 3098 669 3155 anno
700 3066 839 3157 domini
869 3066 1064 3155 millesimo
1095 3068 1360 3154 trecentesimo
1387 3070 1670 3188 septuagesimo
1698 3069 1840 3185 quinto.
1887 3069 2049 3156 Presen·

418 3186 536 3273 tibus:
566 3186 765 3274 Boxioone
787 3185 836 3273 de
858 3189 1137 3298 eleropoowicz,
1169 3183 1286 3273 Petro
1317 3182 1465 3301 Browy
1494 3185 1629 3273 lodice
1658 3183 1885 3273 Prouinciali
1907 3187 2051 3273 Terrae
2109 3217 2112 3224 ·

418 3303 596 3409 Russiae,
616 3303 769 3391 Vittone
788 3303 1007 3421 Capitaneo,
1025 3302 1241 3391 ‚Chodtone
1257 3303 1305 3390 de
1320 3310 1483 3416 prlc'cz,
1505 3302 1681 3391 Hlebone
1697 3303 1745 3390 de
1764 3311 2047 3406 Duorslroroioz,

419 3421 649 3510 Wistblmne
679 3423 728 3507 de
753 3428 963 3507 'Woleomioz
985 3437 1021 3508 et
1040 3419 1215 3510 lohanne
1245 3421 1294 3508 de
1323 3427 1521 3535 Glopouic
1540 3436 1671 3509 nostro
1703 3421 1955 3528 Cancellario,
1987 3425 2050 3540 qui

320 3609 324 3620 .
353 3645 354 3648 q
420 3542 636 3656 praesentia
656 3538 783 3626 babuit
805 3543 840 3625 in
861 3541 1081 3629 commissis.
1184 3650 1187 3656 1

437 3687 439 3694 ’
520 3655 603 3744 Nos
624 3659 737 3776 igitur
758 3659 936 3774 inspectis
956 3656 1129 3746 lidelibus
1149 3658 1344 3778 obsequijs
1375 3687 1493 3777 saepe
1524 3661 1719 3746 memorati
1747 3659 1984 3765 Vaszlmnis,
2014 3672 2052 3745 et

418 3779 502 3864 uisa
522 3773 691 3892 ejusdem
705 3776 807 3890 justa
828 3776 1015 3892 petitione,
1040 3775 1090 3862 ad
1106 3778 1220 3895 petita
1234 3792 1447 3866 nostrorum
1468 3775 1675 3880 Beronum,
1689 3778 1770 3893 jam
1787 3777 1910 3866 dictas
1926 3778 2052 3864 literas

416 3909 520 3984 ratas
541 3909 654 4012 atque
675 3893 802 3983 lirmas
819 3892 1012 3998 babentes,
1033 3894 1310 4000 confirmamus,
1332 3896 1588 4014 approbamus
1605 3910 1642 3982 et
1656 3895 1898 3999 ratificamus,
1918 3911 2050 3984 tenore

417 4015 668 4129 praesentium
700 4009 907 4124 mediante,
938 4010 1186 4101 decernentes
1216 4013 1320 4130 ipsas
1351 4013 1388 4098 ln
1419 4011 1591 4100 omnibus
1621 4013 1787 4129 punctis,
1819 4014 1985 4100 articulis
2016 4027 2052 4101 et

319 4239 323 4246 Ι
419 4131 631 4245 sententijs‚
663 4129 780 4217 robor
811 4130 979 4218 obtinere
1010 4147 1215 4248 perpetuae
1245 4131 1439 4218 firmitatis
1492 4129 1707 4249 Excipimus
1738 4121 1866 4250 itaque
1891 4129 2051 4218 eundem

418 4245 679 4335 Weszlmnem
715 4279 798 4336 curn
835 4250 913 4336 suis
948 4249 1121 4369 legitimis
1157 4250 1446 4338 successoribus
1486 4249 1535 4336 ab
1567 4250 1667 4335 omni
1707 4248 1932 4365 impetitione
1970 4249 2072 4356 leeg

417 4363 512 4467 dali,
554 4369 898 4484 constituentesque
939 4369 1058 4482 ipsum
1100 4368 1159 4458 vel
1195 4368 1301 4484 ipsos
1341 4396 1455 4457 veros
1496 4381 1535 4454 et
1569 4361 1755 4486 legitimos
1791 4363 1984 4482 haeredes
2012 4377 2052 4450 et

416 4511 666 4601 possessores
703 4514 795 4601 sepe
831 4485 1013 4571 dictarum
1049 4477 1246 4589 villarum,
1281 4486 1489 4573 secundum
1523 4487 1632 4572 ritum
1669 4498 1706 4571 et
1741 4479 2051 4571 consuetudinem

418 4602 577 4691 aliorum
598 4605 872 4722 terrigenarum
893 4617 1047 4690 nostrae
1079 4602 1255 4691 Coronae
1279 4602 1409 4724 Regni
1431 4602 1627 4692 Poloniae.
1678 4601 1838 4719 Insuper
1857 4601 2051 4719 cupientes

418 4719 577 4808 eundem
598 4719 859 4810 Waszlsonem
880 4720 1096 4838 specialium
1118 4721 1571 4840 gratiarunr'pleuitudine
1591 4722 1781 4843 prosequi,
1802 4718 1904 4808 etad
1921 4703 2051 4808 nostrd

417 4840 568 4926 seruitia
600 4837 760 4926 reddere
791 4839 1079 4955 promptiorem,
1117 4852 1262 4926 maturo
1298 4839 1455 4927 consilio
1492 4856 1706 4954 nostrorum
1744 4837 2050 4938 Consiliaricrum
