4778 5952
1040 711 1315 784 -261-

789 1087 798 1155 N.
938 1145 941 1152 ,
1042 999 1291 1116 ,onom

375 1267 446 1348 n»
471 1261 614 1346 vorm
639 1261 962 1356 zunmooae,
988 1279 1146 1346 oum
1168 1195 1323 1344 :essa
1349 1260 1400 1343 u.
1431 1259 1506 1345 ro
1533 1273 1700 1344 man.
1728 1263 1969 1370 amer.

356 1421 669 1535 wladislaus
690 1460 759 1536 lox
779 1461 925 1536 tuentes
939 1461 1032 1535 Petro
1048 1461 1086 1536 to
1101 1464 1264 1539 Montes,
1286 1461 1470 1539 namnetim
1483 1462 1515 1534 in
1528 1460 1605 1535 vius
1619 1463 1845 1553 Modduey
1860 1435 1988 1546 mm
2094 1507 2096 1512 .
2233 1419 2237 1426 ’

565 1564 834 1656 eitonqnorttlno
848 1563 1041 1656 nummum
1055 1566 1091 1636 ot
1104 1563 1573 1684 tuunuutosjnrtrtcotontct
1586 1561 1719 1656 torgitur
1732 1567 1782 1652 (¹).
1915 1657 1918 1664 Ι

350 1793 354 1807 ’
413 1888 417 1900 ,
456 1785 498 1873 ln
520 1785 667 1873 nomine
689 1785 848 1890 domini,
880 1805 1000 1874 amen.
1053 1787 1116 1874 Ad
1142 1789 1360 1907 perpetuam
1392 1785 1446 1872 rei
1474 1789 1701 1874 memoriam.
1752 1785 1987 1878 Wladislaus

355 1903 415 1992 dei
435 1906 569 2024 gracia
597 1903 686 1992 Rex
702 1904 893 2011 Pdeme,
923 1901 1207 2026 Lithwanieque
1230 1905 1413 2022 Princeps
1435 1933 1634 2042 supremus
1656 1920 1692 1993 et
1713 1904 1824 1992 heres
1844 1906 1987 1995 Russie

355 2036 425 2108 etc.
479 2019 745 2142 Signitioamus
777 2040 850 2110 tam
881 2025 1117 2144 presentibus
1150 2055 1261 2142 quam
1292 2025 1442 2133 tuturis,
1475 2021 1609 2142 quibus
1631 2022 1783 2141 expedit
1803 2025 1987 2112 uniuersis

328 2142 590 2260 'presencium
611 2150 803 2227 'tenorem
840 2143 1075 2260 inspecturis.
1134 2140 1340 2255 Quomodo
1376 2143 1515 2228 intenta
1551 2157 1674 2228 mente
1709 2139 1988 2259 perpendentes

353 2272 465 2380 grata
481 2257 675 2377 obsequia,
697 2272 734 2344 ct
750 2261 899 2347 sincere
914 2257 1101 2346 fidelitatis
1117 2261 1384 2362 constanciam,
1406 2272 1536 2346 nostro
1551 2260 1734 2345 maiestati
1749 2289 1819 2375 per
1833 2259 1987 2356 Petrum
2126 2357 2134 2370 ,
2283 2287 2288 2296 “

354 2375 403 2465 de
433 2381 633 2478 Mesoboa,
666 2392 833 2463 nostrum
864 2375 1013 2464 fidelem
1045 2376 1207 2464 exhibita
1238 2377 1438 2482 hactenus,
1470 2391 1508 2463 et
1537 2377 1572 2462 in
1595 2389 1726 2478 antea,
1760 2379 1809 2464 uti
1831 2377 1987 2498 dignum

354 2493 588 2600 arbitramur,
619 2495 818 2612 operosius
839 2493 1068 2598 exbibenda,
1100 2525 1256 2613 quorum
1279 2496 1404 2582 intuitu
1426 2491 1597 2581 volentes
1618 2491 1760 2612 ipsuni,
1791 2494 1841 2581 de
1861 2497 1987 2584 innata

353 2611 469 2698 nobis
495 2612 719 2716 clemencia,
751 2611 905 2730 speciali
936 2615 1182 2730 prerogatiua
1212 2612 1317 2699 letari
1336 2626 1385 2720 ‚et
1404 2613 1544 2730 pertrui
1565 2613 1754 2728 ¹ampliori,
1786 2612 1876 2718 sibi,
1908 2614 1987 2702 suis

352 2727 557 2819 heredibus
574 2744 611 2815 et
624 2727 914 2816 successoribus
931 2729 1115 2866 legitimis,
1130 2728 1347 2818 scolteciam
1365 2730 1400 2816 in
1417 2729 1503 2816 villa
1519 2745 1649 2815 nostra
1664 2733 1989 2817 Moton'Swidnik
2101 2761 2111 2767 ·
2263 2748 2267 2758 ‘

353 2847 424 2934 sita
455 2848 490 2934 io
521 2860 623 2942 terra
649 2861 779 2934 nostra
812 2845 1047 2953 Lublinens13
1080 2861 1118 2933 et
1137 2861 1308 2965 pretextu
1336 2845 1504 2938 eiusdem
1536 2846 1716 2934 scoltecie
1736 2846 1834 2934 duos
1855 2848 1989 2938 laneos

353 2992 545 3082 agrorum,
566 2966 628 3081 qui
650 3030 796 3050 ......
819 2965 1001 3070 dicuntur,
1023 2965 1162 3053 liberos
1179 2996 1263 3052 cum
1281 2964 1452 3054 onrnibus
1467 2966 1585 3083 pratis
1606 2963 1655 3050 ad
1677 2964 1832 3050 eosdem
1854 2964 1988 3056 laneos

353 3082 576 3199 abantiquo
605 3081 890 3197 pertinentibus,
921 3083 1061 3192 u(nam)
1094 3083 1288 3170 tabernam
1309 3083 1485 3187 liberam,
1516 3098 1660 3168 sextum
1681 3077 1874 3168 denarium
1896 3111 1986 3176 cene

353 3229 473 3303 suum,
506 3199 659 3284 tercium
690 3195 883 3284 denarium
907 3198 1039 3315 jodicij
1071 3214 1108 3286 et
1137 3199 1332 3288 cuiuslibet
1360 3201 1414 3285 rei
1442 3198 1622 3305 iudicate,
1655 3200 1735 3283 iuro
1762 3196 1986 3288 hereditario

354 3318 500 3420 dantus,
531 3315 756 3403 conserimus
779 3330 815 3402 et
835 3315 1020 3403 donamus
1041 3319 1232 3434 perpetuis
1255 3315 1484 3435 temporibus
1505 3331 1543 3402 et
1563 3316 1894 3426 irrev(ocabiliter)‚
1916 3347 1986 3436 per
2022 3349 2026 3357 ·

353 3435 475 3552 ipsum
496 3434 663 3538 Petrum,
685 3464 777 3520 suos
800 3433 960 3522 heredes
983 3451 1019 3522 et
1034 3465 1282 3522 successores
1304 3434 1503 3554 legittimus
1524 3431 1684 3538 tenendi,
1706 3431 1866 3520 habendi
1869 3499 1985 3536 .....

354 3618 440 3638 ...
462 3550 666 3670 obligandi,
687 3551 886 3658 vendendi,
908 3552 1134 3657 comutandi,
1157 3549 1321 3638 donandi
1343 3567 1380 3637 et
1401 3579 1472 3668 pro
1493 3552 1571 3637 suis
1593 3552 1722 3636 usibus
1744 3552 1986 3637 conuertendi

351 3669 498 3782 no(stro
519 3670 657 3776 tannen)
678 3697 868 3756 consensu
890 3685 928 3757 et
949 3669 1136 3758 voluntate
1156 3667 1207 3754 'ad
1227 3669 1264 3756 id
1286 3667 1500 3786 specialiter
1531 3666 1748 3756 accedente.
1789 3665 1841 3753 Ut
1860 3681 1985 3756 autem

351 3785 520 3905 predicta
549 3799 682 3873 nostra
708 3786 793 3874 villa
824 3792 1008 3889 Swzttnt'lr,
1041 3788 1102 3901 (eo
1123 3787 1268 3900 melius)
1289 3787 1413 3876 valeat
1434 3785 1612 3874 collocari
1634 3799 1674 3888 et
1691 3787 1727 3872 in
1750 3817 1841 3874 osus
1862 3785 1985 3907 redigi

225 3931 227 3938 ’
352 3905 558 4012 uberiores,
579 3903 702 3991 villam
724 3907 844 4022 ipsam
864 3910 1040 4008 Swtttnilc,
1065 3907 1139 4020 (ex)
1154 3906 1240 4022 jure
1260 3903 1437 4024 polonico
1458 3905 1574 4023 injus
1595 3904 1857 4010 theutonicum,
1880 3901 1983 4022 quod

352 4023 544 4113 Sredense
560 4023 702 4128 dicitur,
720 4025 976 4112 transierimus
992 4040 1175 4143 perpetuo
1192 4023 1420 4130 duraturum,
1441 4036 1682 4114 remouentes
1703 4021 1848 4120 ibidem,
1859 4023 1983 4110 omnia

351 4142 432 4226 iura
453 4141 696 4258 polonicelin,
727 4143 864 4229 modos
884 4158 921 4229 et
941 4141 1232 4232 consuetudines
1253 4140 1496 4256 u(niuersas),
1525 4171 1599 4258 que
1619 4140 1740 4256 ipsum
1753 4137 1819 4253 jus
1839 4139 1982 4228 theuto·

351 4259 474 4345 nicum
502 4257 720 4377 plerumque
747 4260 966 4374 perturbare
990 4273 1280 4347 consueuerunt.
1331 4258 1536 4345 Eximimus
1556 4259 1720 4373 insuper,
1750 4257 2011 4347 absoluimus·

352 4390 390 4465 et
410 4389 593 4496 perpetuo
614 4373 814 4464 liberamus
835 4376 1051 4479 scoltetum,
1083 4377 1324 4482 lrmethonos,
1355 4375 1629 4480 tabernatores,
1650 4373 1980 4483 molendinatores,

351 4495 545 4582 ortulanos
576 4509 613 4580 et
645 4494 799 4611 quosuis
820 4494 966 4581 incolas
986 4494 1071 4580 ville
1091 4493 1278 4611 predicte,
1308 4491 1357 4580 ab
1378 4492 1477 4580 omni
1491 4490 1716 4609 juridicione
1737 4508 1774 4580 et
1793 4506 1981 4611 potestate
2066 4565 2070 4572 .

351 4741 745 4910 sigtttddtddtimhaw
759 4741 993 4810 membranaceo
1014 4739 1220 4809 venetiensis
1242 4741 1381 4810 tabularii
1398 4740 1510 4828 publici
1531 4741 1627 4827 ltogni
1649 4741 1795 4815 Potonine
1816 4739 1871 4808 ll'⁰
1888 4741 1977 4808 1054.
