4788 5926
1054 777 1302 848 ι--.91..ν

363 995 445 1083 ost,
474 975 915 1098 quodssaoslloleslaus
937 973 1009 1062 dci·
1025 976 1159 1094 gracia
1180 975 1377 1065 Oracovie
1403 991 1441 1064 et
1465 974 1704 1082 Sondomiric
1724 975 1835 1080 Dux,
1852 991 1992 1072 'mmm
2048 1020 2051 1028 ¹

366 1099 523 1185 iacimus
554 1112 627 1182 mm
649 1096 905 1212 presentibus,
938 1123 1049 1213 quam
1070 1094 1239 1199 suauis,
1254 1096 1339 1211 quia
1362 1093 1411 1180 ob
1432 1095 1680 1183 reverentiam
1699 1092 1915 1186 beatissimo
1933 1093 1993 1184 dei

366 1214 559 1335 genitricis
579 1215 737 1331 virginis
757 1212 897 1317 lllarie,
928 1227 966 1299 et
985 1212 1180 1298 beatorum
1200 1210 1306 1298 Petri
1327 1226 1364 1298 et
1383 1211 1491 1298 Pauli
1513 1211 1803 1328 Apostolorum,
1828 1243 1901 1298 nec
1920 1241 1994 1298 non

364 1362 437 1450 pro
459 1331 578 1419 salute
598 1343 728 1416 nostra
751 1345 788 1416 et
807 1328 974 1416 remedio
996 1330 1202 1416 animarum
1222 1341 1418 1445 parentum
1439 1344 1663 1432 nostrorum,
1687 1342 1723 1415 et
1739 1332 1857 1414 eciam
1873 1325 1995 1416 consi-

366 1449 507 1536 deratis
528 1464 565 1534 et
584 1449 762 1566 inspectis
783 1447 967 1534 continuis
989 1461 1026 1533 et
1046 1441 1220 1536 fidelibus
1236 1445 1426 1563 obsequiis
1442 1446 1581 1533 domini
1601 1444 1816 1532 lllodliborii
1836 1446 1995 1534 Abbatis

365 1581 404 1652 et
425 1568 552 1652 tocius·
572 1578 781 1652 conventus
809 1563 944 1652 domus
972 1579 1085 1683 atque
1113 1564 1259 1651 cenobii
1284 1559 1566 1676 Tynecerosrsl²l
1588 1564 1657 1681 piis
1679 1563 1993 1679 suplicaoianibus

365 1673 549 1788 inclinati,
563 1685 629 1800 qul
649 1679 978 1774 muneremini
996 1679 1169 1773 Sabaon
1181 1710 1264 1771 noo
1286 1695 1441 1771 cessant
1460 1683 1674 1798 [requenler
1693 1707 1764 1797 pro
1785 1679 1905 1768 salute
1925 1681 1993 1768 bo-

364 1803 499 1885 minum
527 1799 721 1903 laborare,
752 1799 851 1885 hanc
878 1813 1046 1886 nostram
1077 1799 1246 1918 graciam
1278 1797 1514 1886 decrevimus
1545 1797 1773 1901 faciendam,
1803 1796 1992 1884 videlicet:

363 1914 466 2032 quod
495 1915 530 2002 in
552 1912 636 2003 villa
657 1916 824 2034 ipsorum
846 1917 1007 2022 lorensi,
1066 1945 1113 2003 ue
1136 1915 1416 2030 oparowoc(³)
1437 1917 1644 2033 vulgariter
1663 1916 1891 2032 appellatur,
1922 1917 1993 2002 sita

304 2043 316 2064 ⁰
364 2035 644 2152 superrippam
665 2034 765 2120 lluvii
787 2033 849 2150 qui
878 2039 977 2120 vota
995 1947 1064 2122 vul
1090 2063 1113 2119 o
1131 2030 1272 2138 dicitur,
1293 2033 1329 2118 in
1349 2033 1599 2120 Castellatura
1613 2029 1826 2119 Visliciensi
1844 2030 1994 2118 locandi

363 2164 402 2235 et
421 2150 581 2237 laciendi
611 2151 760 2268 plenam
791 2163 830 2234 et
844 2149 1015 2268 'liberam
1045 2061 1180 2235 dnus
1200 2161 1424 2267 potestatem
1446 2149 1518 2236 sub
1532 2153 1635 2267 jure,
1651 2147 1683 2234 T
1685 2149 1883 2249 bautonico
1901 2149 1995 2235 civi·
2108 2223 2113 2230 .

363 2253 494 2380 lolem,
518 2262 637 2384 ipsam
659 2268 708 2354 ab
731 2267 901 2353 omnibus
922 2264 1469 2384 pensionibus,'exactionibus
1489 2267 1660 2371 servitiis,
1681 2262 1938 2378 solucionibus
1959 2278 1995 2351 et
2110 2257 2114 2274 ’

362 2383 695 2492 consuetudinibus
716 2382 813 2500 juris
839 2379 1089 2487 Polonicalis,
1120 2379 1229 2470 nobis
1250 2380 1565 2470 s'eu'''Costellanis
1586 2381 1622 2466 el
1642 2377 1822 2469 Palatinis
1844 2383 1994 2482 nostris,

360 2517 425 2588 aut
440 2501 820 2618 aliisquibuscunque
836 2501 979 2604 alboris,
1002 2528 1117 2615 super
1132 2497 1292 2584 eandem
1308 2497 1453 2616 dejure
1469 2499 1528 2585 v'el
1546 2499 1594 2586 de
1609 2501 1708 2586 lacto
1726 2497 1993 2615 spectantibus,
2027 2559 2030 2564 -

360 2634 502 2705 etcum
525 2614 697 2706 omnibus
717 2616 1023 2734 possessionibus
1055 2631 1089 2701 et
1112 2615 1297 2701 territorio
1328 2615 1494 2732 ejusdem
1516 2646 1585 2732 per
1605 2617 1727 2702 omnia
1750 2631 1787 2700 et
1807 2627 1992 2734 perpetuo

360 2733 576 2840 eximentes,
598 2750 640 2821 et
650 2747 834 2851 ponentes
849 2733 995 2851 penitus
1012 2729 1130 2848 ipsam
1147 2729 1218 2819 sub
1234 2735 1353 2847 lorma
1370 2750 1407 2821 et
1422 2733 1591 2819 libertate
1601 2733 1696 2848 juris
1711 2732 1990 2835 Cracoviensis3

356 2850 408 2965 ita
429 2848 469 2967 sul
484 2883 615 2940 omnes
632 2851 753 2968 incole
769 2851 886 2974 ipsius
907 2865 943 2936 et
953 2847 1243 2968 inhabitatores,
1257 2878 1353 2968 quos
1369 2848 1506 2939 ibidem
1522 2848 1643 2938 dictus
1662 2849 1796 2938 Abbas
1811 2847 1993 2966 locaverit

358 2999 445 3055 cum
461 2970 539 3056 suis
554 2969 739 3073 fratribus,
756 2963 824 3054 seu
842 2966 977 3086 quibus
991 2963 1201 3084 vendiderit
1216 2968 1539 3075 autconcesserit,
1561 2963 1792 3085 eodemjirr'e
1807 2963 1992 3084 regantur

359 3098 398 3171 et
418 3076 584 3197 litantur,
614 3079 690 3201 quo
712 3086 842 3172 civitas
863 3079 995 3178 nostra
1027 3077 1291 3202 cracoviensis
1311 3098 1420 3196 'extat
1439 3083 1621 3203 disposita
1652 3098 1690 3169 et
1715 3084 1901 3202 insignita.
1926 3079 1991 3168 'Et

358 3195 588 3322 generaliter
607 3203 801 3310 volumus,
833 3203 928 3288 utin
951 3197 1122 3290 omnibus
1150 3199 1425 3297 conditionibus
1447 3213 1482 3286 el
1505 3199 1835 3289 consvetudinibus
1857 3198 1990 3285 cadon

355 3319 552 3440 gaudeant
572 3319 772 3436 libertate,
789 3338 792 3347 ’
810 3322 887 3442 ipua
917 3317 1087 3454 gaudent
1121 3318 1224 3407 cives
1253 3323 1379 3408 nostri
1410 3311 1702 3407 Cracovienses.
1757 3317 1800 3404 Si
1829 3317 1989 3410 veroin

357 3437 542 3548 aliquibus
574 3438 742 3555 ejusdem
775 3436 952 3524 liberlalts
982 3437 1147 3522 articulis
1177 3435 1286 3522 luerit
1315 3436 1541 3539 dubitatum,
1573 3433 1622 3520 ad
1643 3433 1811 3550 predicte
1832 3431 1989 3518 civitatis

357 3551 592 3669 privilegium
622 3569 848 3666 recurratur.
888 3551 949 3640 Ne
978 3568 1103 3666 autern
1131 3553 1314 3670 quispiam
1345 3553 1444 3638 banc
1474 3564 1640 3635 nostram
1672 3549 1920 3634 donacionem
1953 3563 1989 3633 et

303 3741 308 3750 .
354 3669 644 3786 concessionem
676 3668 800 3756 valeat
829 3667 1002 3776 violare,
1032 3683 1244 3784 presentem
1281 3671 1459 3788 paginam
1495 3667 1611 3753 nostri
1648 3663 1988 3780 sigillimunimina
2046 3701 2052 3708 ·

356 3783 532 3875 duximus
559 3785 825 3873 roborandam.
876 3787 974 3872 Acta
996 3799 1223 3874 suntautem
1245 3785 1316 3872 bec
1336 3813 1436 3872 anno
1462 3781 1827 3871 dominilllillesimo
1849 3784 1987 3868 ducen-

341 3905 488 3991 ‘tesimo
514 3899 795 4020 septuagesimo
808 3899 948 4019 primo,
979 3902 1069 3988 Idus
1090 3899 1190 4020 Maji.
1231 3899 1483 3989 ¹Presentrbus
1506 3897 1570 3987 bis
1602 3917 1639 3988 et
1659 3889 1988 3986 consencientibus

355 4021 540 4108 nobilibus
564 4020 711 4122 nostris
732 4050 891 4136 quorum
911 4019 982 4106 isla
1003 4036 1090 4108 sunt
1109 4020 1277 4109 nomina:
1299 4019 1473 4106 dominus
1494 4019 1707 4134 Procopius
1730 4016 1986 4103 Cancellarius

353 4139 475 4242 curie,
505 4135 837 4224 Gonoeswarscb
862 4135 1100 4224 Castellanus
1123 4137 1404 4233 Graccviensis,
1434 4137 1573 4230 Comes
1593 4135 1772 4220 lanusius
1792 4134 1986 4222 Palatinus
2112 4221 2117 4228 ,

352 4245 691 4360 sandomirieusis',
727 4253 867 4362 Comes
896 4250 1035 4344 Petrus
1064 4253 1260 4342 Palatinus
1291 4251 1575 4356 Cracoviensis,
1613 4251 1753 4343 Comes
1782 4249 1985 4340 Boleslaus
2055 4311 2062 4329 .

116 4477 152 4508 „¹
246 4378 249 4384 ’
356 4369 594 4502 casellam
629 4371 880 4504 Visliciensis‚
920 4369 1062 4458 Comes
1076 4477 1077 4480 p
1091 4365 1323 4460 Laurencius
1345 4369 1521 4456 Venator
1547 4369 1597 4496 de
1621 4377 1818 4456 Klobuclro
1834 4367 1891 4482 (⁴)
1913 4370 1984 4483 'qui

386 4667 393 4686 ·
416 4669 425 4684 ὓ
453 4580 495 4686 ζ’)
517 4574 601 4684 ‘Ydla
616 4583 799 4684 parochialis
814 4583 1143 4684 Tynt‘ecinfialiciaad
1154 4583 1302 4684 listulam
1314 4583 1380 4662 sita,
1394 4562 1776 4686 teriitoriijlladovicensis,
1788 4601 1852 4647 uno
1864 4581 1984 4648 circiter

351 4667 522 4752 mulbartoa
538 4669 686 4757 Crocorra
703 4670 803 4748 distat,
819 4671 922 4757 amplo
938 4669 1009 4735 olim
1026 4671 1292 4737 Benedictrnorum
1308 4670 1458 4735 coenobio
1474 4689 1604 4754 insignis.
1770 4686 1773 4696 ¹
1956 4679 1973 4708 ·³

412 4753 496 4852 ’'(fl
523 4753 697 4841 Opotowr'e'c
718 4753 865 4840 oppidum
888 4755 1059 4840 parochiale
1081 4753 1118 4819 ad
1140 4753 1309 4856 vistulam,
1335 4753 1479 4823 territorii
1493 4750 1744 4830 balaenaceam,
1766 4749 1983 4854 Scalmlriensis
2069 4837 2072 4842 Ι

354 4855 497 5004 ''⁶8¹⁰sspfj
525 4919 679 4989 noceto
700 4919 872 5009 parochiale
891 4922 1041 5010 oppidum
1063 4929 1111 4989 ast
1133 4931 1165 4989 et
1182 4919 1272 5001 nlla,
1297 4874 1505 4990 Wioluoonsia
1525 4919 1680 5002 territorii,
1702 4917 1982 5002 Gaestoclioviensis

304 5071 307 5078 ,
351 5023 491 5084 regiona.
1743 5063 1749 5070 .
1780 5017 1823 5074 η·
