4788 5926
1103 751 1375 838 -ns-

289 1015 296 1024 ·
426 1002 534 1068 cono,
560 974 712 1070 Sndtno,
738 972 888 1056 Gorevo
909 995 994 1052 cum
1013 963 1278 1078 lanhsooo(⁴)
1300 978 1406 1052 sorte
1426 966 1619 1072 attinente,
1645 968 1732 1085 jure
1752 969 1897 1084 prelato
1918 999 2055 1057 secun·

426 1087 514 1174 dum
534 1086 685 1173 modum
707 1102 743 1172 et
762 1087 921 1172 formam
942 1084 1010 1170 sibi
1032 1089 1314 1202 congruentem.
1360 1082 1522 1170 Omnem
1543 1086 1655 1204 igitur
1676 1087 1946 1174 ordinationem
1967 1088 2056 1176 dicti

425 1206 583 1293 Abbatis
614 1235 698 1291 cum
729 1203 862 1290 lodice
893 1200 1061 1319 predicte
1092 1203 1249 1292 civitatis
1281 1217 1318 1288 et
1353 1200 1505 1288 Soltetis
1536 1203 1788 1318 predictarum
1819 1205 1987 1293 villamm
2019 1218 2058 1293 et

417 1353 555 1420 ,eorum
577 1321 864 1409 successoribus
887 1322 922 1405 in
944 1320 1128 1407 universis
1151 1333 1188 1405 et
1208 1318 1366 1454 singulis
1386 1335 1505 1406 ratam
1526 1319 1725 1424 habentes,
1756 1339 1941 1442 perpetuo
1962 1353 2055 1411 con-

425 1441 634 1528 lirmamus,
657 1434 862 1525 Eximimus
883 1466 980 1554 ergo
1002 1453 1039 1522 et
1053 1437 1192 1523 liberos
1209 1438 1363 1523 tacimus
1380 1437 1523 1522 incolas
1540 1435 1638 1524 dicte
1654 1439 1811 1526 civitatis
1833 1453 1871 1524 et
1886 1442 2055 1531 villarum

424 1558 674 1678 predictarum
691 1558 740 1645 ab
757 1550 928 1647 omnibus
944 1553 1216 1674 polonicalibus
1232 1555 1545 1692 servitiispest'ris
1562 1555 1816 1642 etohicialium
1827 1571 2055 1663 nostrorum,

327 1739 330 1748 ι
355 1699 359 1714 “
424 1705 448 1765 u
456 1687 614 1791 proved,
635 1707 659 1762 a
669 1709 805 1788 povoz,
826 1677 950 1774 orbos,
965 1679 1105 1774 urinetlr,
1126 1691 1293 1776 nornen,
1314 1679 1475 1770 ueznr'ca,
1497 1703 1668 1776 accras,
1691 1694 1877 1776 amostoe,
1894 1685 2054 1788 poradt-

424 1829 480 1894 ηε,
494 1803 692 1910 pooolouc,
706 1805 939 1907 poduorooe,
959 1817 985 1875 a
1005 1810 1145 1892 etrozo,
1165 1822 1187 1878 a
1209 1798 1322 1888 rocol,
1344 1821 1368 1878 a
1389 1807 1582 1880 castomn
1600 1794 1839 1908 captoribua,
1869 1793 1918 1882 ub
1940 1795 2056 1882 omni·

425 1912 496 1999 bus
531 1911 806 2015 sohrciunibus,
848 1910 1127 2014 exactionibus,
1168 1910 1311 1995 tributis
1347 1923 1384 1995 et
1418 1911 1606 2028 angariis,
1649 1941 1875 2028 quocunque
1905 1911 2056 1998 nominc

424 2043 618 2134 vocentur,
650 2030 730 2114 sive
751 2027 958 2115 secundum
980 2028 1149 2145 antiquas
1171 2025 1378 2113 debeantur
1399 2028 1712 2133 consuetudines,
1744 2030 1825 2114 sive
1846 2027 2055 2116 secundum

425 2175 546 2234 novas
587 2149 806 2233 emerserint
846 2146 1098 2264 questiones'
1131 2143 1337 2231 Eximimus
1379 2145 1637 2232 nichilominus
1678 2144 1833 2232 eosdem
1869 2146 1919 2232 ab
1955 2147 2054 2232 omni

379 2291 395 2339 ί
418 2263 680 2382 jurisdictione
699 2263 978 2368 Palatinorum,
1000 2259 1319 2366 Castellanorum,
1341 2261 1552 2350 officialium
1574 2279 1611 2350 et
1631 2262 1940 2350 Kamerariorum
1961 2293 2053 2381 qua·
2139 2293 2148 2304 “

423 2411 654 2499 rumcunque
675 2379 906 2500 dignitatum,
928 2381 989 2487 ita,
1011 2395 1051 2466 ut
1071 2411 1144 2466 nec
1164 2381 1213 2467 ab
1234 2381 1326 2497 ipsis
1348 2381 1463 2488 citari,
1484 2409 1556 2466 nec
1577 2409 1706 2468 coram
1724 2382 1815 2496 ipsis
1832 2411 2055 2499 comparere

423 2497 607 2604 debeant,
638 2529 710 2584 neo
730 2497 974 2614 respondere.
1026 2499 1067 2583 Si
1089 2511 1212 2583 autem
1234 2497 1284 2584 ad
1305 2511 1473 2583 nostram
1495 2497 1730 2614 presenciam
1751 2527 1821 2614 per
1842 2499 1998 2585 litteram
2018 2513 2056 2586 et

424 2609 586 2733 sigillum
616 2630 780 2700 nostrum
803 2615 902 2699 citati
924 2615 1075 2719 luerint,
1107 2614 1377 2729 comparebunt
1397 2643 1467 2699 suo
1489 2628 1628 2702 tantum
1643 2617 1730 2732 jure
1744 2614 1948 2731 judicandi.
1990 2615 2054 2702 Ad

401 2835 406 2842 Ι
425 2731 692 2849 expediciones
712 2761 788 2820 non
810 2731 921 2834 ibunt,
944 2731 1013 2815 nisi
1034 2729 1187 2847 quando
1210 2725 1367 2846 Cujavia
1387 2731 1435 2817 ab
1457 2731 1579 2818 alieno
1602 2735 1768 2820 exercitu
1787 2730 1993 2836 invadetur,
2015 2745 2055 2820 et
2099 2737 2104 2744 ’

424 2849 498 2937 hoc
528 2845 679 2966 quidem
736 2849 1074 2958 rius-‘lacerenon
1107 2848 1345 2963 tenebuntur,
1382 2849 1450 2935 nisi
1472 2851 1530 2938 ‘ab
1557 2851 1658 2937 initio
1688 2850 1894 2936 locacionis
1926 2851 2055 2969 viginti

424 2995 606 3054 annorum
637 2879 809 3082 explicita
842 2967 1022 3052 libertate.
1078 2962 1227 3051 Nullum
1264 2981 1430 3052 castrum
1465 2998 1590 3085 neque
1624 2997 1763 3055 novum
1794 2997 1917 3090 neque
1945 2983 2054 3054 vetus
2195 3075 2201 3083 Ι

424 3084 660 3190 edificabunt,
681 3086 750 3172 nisi
771 3084 893 3171 solam
912 3091 1152 3196 Br'dpostiam,
1175 3096 1212 3170 et
1231 3084 1306 3171 hoc
1326 3079 1447 3172 solum
1463 3101 1562 3191 tuno,
1583 3083 1736 3204 quando
1752 3088 1873 3204 ipsum
1890 3101 2054 3173 castrum

425 3216 706 3288 totamterram
737 3202 892 3318 Cujavie
923 3201 1101 3288 edificare
1132 3203 1328 3318 oportebit.
1381 3202 1442 3288 Ad
1474 3220 1624 3320 pontem
1656 3219 1747 3289 vero
1779 3206 1894 3319 ipsius‘
1926 3205 2053 3309 castri,

424 3317 577 3438 quando
608 3321 728 3436 ipsum
759 3322 928 3437 reparari
959 3321 1178 3439 contigerit,
1213 3346 1289 3407 non
1321 3320 1565 3428 laborabunt,
1600 3349 1672 3406 neo
1695 3319 1860 3434 vectigal
1880 3333 2053 3434 prestare

188 3460 201 3483 *
424 3437 657 3524 tenebuntur.
705 3437 859 3556 fiaput,
888 3440 1147 3558 septuaginta,
1179 3433 1448 3558 quinquaginta
1479 3469 1554 3524 non
1586 3437 1743 3524 solvent
1795 3437 1846 3524 Et
1876 3438 2053 3556 quoniam

424 3553 614 3672 predictas
637 3551 863 3643 hereditates
884 3555 1100 3644 Bissoviam
1120 3556 1296 3645 videlicet
1316 3573 1352 3644 et
1371 3557 1478 3644 villas
1498 3567 1738 3674 prenotataS,
1768 3557 1900 3672 prelati
1919 3549 2053 3642 llbbas

424 3688 461 3769 et
491 3688 699 3760 conventus
728 3672 778 3758 de
808 3673 987 3764 Bissovia
1018 3678 1153 3792 expia
1185 3675 1395 3762 donacione
1426 3677 1487 3793 pie
1518 3673 1695 3761 memorie
1727 3675 1844 3791 patris
1875 3674 1991 3760 nostri
2016 3689 2054 3760 et

423 3791 631 3879 libertatum
650 3790 958 3876 ‘confirmacione
994 3792 1130 3878 liberas
1142 3829 1156 3904 ,ζ
1188 3793 1418 3911 abantiquo
1453 3793 1615 3911 legitime
1645 3821 1796 3909 semper
1827 3806 1864 3876 et
1893 3789 2053 3907 pacitice
2153 3881 2156 3888 Δ

313 3921 320 3937 ’
423 3908 677 4025 possederunt
698 3909 791 4021 (sic),
815 3937 1037 4015 noseorum
1058 3908 1226 4025 ampliori
1247 3912 1331 4026 paci
1352 3909 1590 3998 intendentes·
1607 3923 1644 3997 et
1660 3911 1782 4028 quieti,
1803 3921 1843 3994 ut
1857 3908 2051 3995 sollicitius
2289 3999 2295 4010 ,

424 4026 534 4114 deum
553 4054 624 4146 pro
645 4028 753 4116 nobis
775 4025 1061 4142 interpellentur,
1083 4028 1193 4142 ipsas
1208 4026 1424 4144 sepedictus
1439 4027 1666 4115 hereditates
1686 4029 1722 4113 in
1739 4041 1869 4113 nostro
1887 4025 2053 4113 dominio
2175 4081 2178 4086 -
2252 4045 2255 4048 ’

425 4144 535 4250 sitas,
566 4175 650 4232 cum
673 4149 760 4234 totis
782 4145 1007 4234 districtibus
1030 4159 1066 4232 et
1086 4145 1249 4264 gadibus
1270 4148 1349 4232 suis
1362 4148 1448 4263 jure
1468 4147 1655 4264 premisso
1677 4145 1879 4246 locandas,
1910 4143 2051 4230 liberas

395 4274 605 4378 perpetuo
632 4263 788 4348 tacimus
819 4278 856 4350 et
876 4263 1041 4383 quielas‚
1074 4293 1157 4349 cum
1190 4260 1361 4351 omnibus
1392 4265 1629 4381 pertinenciis
1660 4275 1697 4350 et
1716 4261 1930 4371 utilitatibus
1960 4260 2052 4366 suis,

422 4378 596 4469 videlicet
615 4381 723 4468 terris
751 4379 857 4468 cultis
888 4398 925 4468 et
944 4381 1109 4490 incultis,
1141 4383 1306 4500 stagnis,
1337 4383 1446 4486 rivis,
1477 4383 1594 4496 pratis
1625 4394 1664 4466 et
1683 4381 1856 4498 pascuis,
1886 4377 1991 4464 silvis
2013 4392 2052 4465 et

423 4496 641 4614 paludibus,
661 4497 812 4584 rubetis
843 4515 881 4583 et
900 4501 1134 4610 nemoribus,
1165 4497 1357 4608 mellificiis
1389 4515 1425 4587 et
1449 4499 1738 4616 piscationibus
1770 4495 1983 4585 custoribus
2015 4508 2061 4598 et¹
2119 4497 2124 4506 ’

503 4783 506 4792 ¹
525 4812 564 4896 l⁴l
592 4814 723 4880 Vident
739 4791 800 4882 hb.
814 4817 867 4884 ΝΜ
883 4764 1054 4884 xxxvtu
1069 4817 1266 4900 praemissam
1282 4826 1385 4888 annot.
1398 4814 1467 4894 3¹¹³,
1483 4835 1539 4882 uec
1554 4837 1615 4884 non
1629 4815 1669 4882 ud
1682 4816 1741 4884 tab.
1756 4811 1807 4884 Na,
1818 4815 1912 4882 xut.
1923 4819 2051 4880 annota-

423 4896 537 4964 tionem
552 4899 726 4964 sccuudam.
985 4959 987 4963 .
