4780 5922
1019 765 1296 870 ÷mo-

347 966 548 1056 comodum
568 965 793 1086 Regnorum
814 963 1042 1072 eorumdem,
1063 963 1222 1054 fideliter
1242 962 1481 1084 exponendo
1512 981 1550 1053 et
1569 967 1656 1082 quia
1675 965 1817 1058 raciuni
1838 995 1975 1058 conso·

346 1116 434 1176 num
463 1084 627 1191 videtur,
657 1084 901 1190 ethonestati
934 1084 1124 1172 conforme
1149 1083 1347 1201 probatur,
1379 1096 1419 1170 nt
1437 1085 1591 1173 virtuosi
1624 1085 1659 1172 in
1680 1086 1759 1175 'suis
1779 1083 1975 1176 virtutibus
2023 1189 2024 1194 Ν

338 1233 425 1294 non
449 1205 630 1292 immerito
650 1201 813 1290 debeant
833 1200 1040 1316 consolarj:
1070 1200 1157 1290 ideo
1177 1217 1218 1288 ut
1237 1203 1351 1290 ceteri
1372 1203 1492 1291 nostri
1511 1201 1661 1310 lideles,
1681 1203 1733 1290 ad
1754 1203 1883 1292 similia
1902 1205 1976 1291 vir·

348 1337 464 1410 tutum
485 1351 625 1439 opera,
650 1320 855 1410 studiosius
876 1321 1165 1424 conformentur,
1186 1318 1308 1408 eidem
1329 1319 1481 1408 domino
1500 1321 1661 1410 lohanni
1682 1321 1860 1412 Paocslai
1881 1321 1976 1432 (sic),

347 1453 386 1528 et
404 1470 473 1529 sue
493 1439 699 1558 posteritati
722 1469 769 1524 ex
789 1452 949 1556 utroque
970 1466 1063 1526 sexu
1085 1450 1160 1524 tam
1179 1438 1398 1544 masculino,
1430 1469 1542 1556 quam
1561 1439 1721 1528 femineo
1742 1439 1977 1530 descendem

347 1559 466 1662 tibus,
498 1555 648 1676 opidum
669 1563 977 1659 Rzeeclouiense,
1009 1583 1093 1642 cum
1108 1543 1487 1667 moemo'tbnieu,
1514 1557 1552 1644 in
1573 1573 1672 1646 terra
1692 1556 1836 1646 Russie
1855 1560 1977 1662 situm,

271 1785 274 1790 Ι
346 1673 555 1766 secundum
577 1673 679 1793 quod
700 1675 900 1792 antiquitus
928 1703 997 1792 per
1027 1672 1299 1762 Serenissimos
1330 1673 1449 1762 duces
1477 1672 1619 1762 Russie
1640 1677 1757 1764 extitit
1776 1676 1977 1779 limitatum,

204 1877 229 1912 s
262 1797 266 1802 ’
375 1793 483 1882 uibus
515 1791 639 1898 diuina
669 1793 873 1880 clemencia
903 1791 1105 1911 legittimus
1134 1819 1341 1880 successor
1371 1793 1576 1897 extitimus,
1612 1807 1650 1880 at
1679 1792 1849 1910 ejusdem
1879 1809 1978 1882 terre

346 1826 491 2001 bussio
511 1910 684 1998 dominus
704 1910 938 2028 principalis,
965 1940 1053 2028 ‘cum
1075 1909 1175 1999 omni
1189 1911 1276 2027 jure
1297 1924 1334 1997 et
1352 1908 1473 2028 pleno·
1485 1909 1667 2016 dominio,
1695 1927 1808 2029 prout
1826 1911 1899 2000 soli
1912 1911 1978 2028 jus

342 2032 448 2118 nacti
479 2059 629 2131 sumus,
659 2043 697 2114 et
716 2028 913 2114 babuimus
943 2028 978 2114 in
1001 2025 1162 2132 eisdem,
1192 2059 1242 2116 ac
1262 2058 1346 2116 cum
1368 2028 1541 2116 omnibus
1572 2044 1609 2117 et
1628 2027 1786 2149 singulis
1815 2029 1911 2122 villis
1941 2041 1979 2114 et

286 2225 290 2234 .
348 2147 580 2235 libertatibus
595 2146 728 2234 locatis
749 2161 785 2232 et
800 2143 981 2252 locandis,
1002 2175 1074 2235 nec
1095 2173 1169 2233 non
1190 2146 1379 2250 fructibus,
1399 2145 1618 2251 redditibus,
1639 2147 1827 2252 censibus,
1848 2145 1977 2234 utilita-

349 2264 446 2356 tibus
467 2293 515 2351 ac
534 2263 727 2370 allittibns,
759 2263 957 2382 appendijs
978 2279 1016 2351 et
1035 2263 1272 2381 adherenoijs
1293 2293 1422 2352 aarum
1443 2265 1639 2369 nniversiS,
1665 2263 1842 2352 videlicet
1861 2264 1978 2383 agriS,

347 2384 479 2503 pratis,
509 2382 673 2501 pascuis,
704 2383 825 2500 aquis,
851 2383 1087 2486 torrentibus,
1107 2383 1265 2470 lacubus
1285 2397 1322 2471 et
1342 2381 1505 2498 pisciniS,
1527 2379 1642 2489 siluis,
1661 2382 1798 2488 burris,
1818 2381 1978 2486 mericiS,

312 2559 316 2576 «
348 2501 511 2603 rubetis,
543 2501 748 2617 quercetis,
769 2499 1039 2587 venacionibus
1060 2501 1224 2587 lerernm
1245 2515 1283 2586 et
1302 2502 1424 2586 avium
1446 2529 1763 2617 quarumcunque,
1786 2530 1860 2619 que
1879 2528 1980 2587 nunc

348 2617 398 2705 ibi
418 2646 534 2732 super
555 2630 692 2702 terram
721 2631 827 2721 sunt,
859 2629 896 2702 et
926 2617 996 2703 snb
1028 2633 1130 2704 terra
1159 2619 1195 2706 in
1216 2616 1360 2723 lutnro,
1392 2632 1522 2704 natura
1553 2632 1773 2734 vegetante,
1804 2627 1980 2734 poterunt
2103 2635 2105 2640 '

350 2734 504 2838 exoriri,
536 2761 693 2849 quorum
723 2734 854 2820 limites
884 2733 1148 2851 incipiendus
1179 2732 1342 2852 gadibus
1372 2749 1472 2821 terre
1503 2735 1839 2839 Sandomiriensis,
1871 2732 1978 2824 vide-

350 2853 436 2938 licet
461 2849 592 2938 avilla
617 2856 864 2951 Damtrowe,
896 2849 1041 2968 quoad
1061 2849 1218 2940 Terram
1239 2850 1582 2942 Sandomirienscm
1603 2853 1771 2946 noscitur
1789 2850 1979 2955 adiacere,

216 2961 224 2974 ’
350 2981 456 3055 etex
476 2968 548 3056 alia
568 2982 677 3088 parte
704 2967 1011 3086 protendentibus
1041 2970 1220 3088 granicijs
1251 2999 1371 3085 usqua
1400 2967 1450 3056 ad
1479 2971 1602 3059 villam
1633 2975 1855 3084 Lauzayelro
1885 2969 1979 3055 lirni-

325 3085 448 3174 tibus
478 3100 577 3173 terre
605 3085 899 3174 laroslaviensis
930 3083 1141 3174 conlinante
1173 3085 1272 3199 (sic):
1303 3087 1389 3175 item
1419 3085 1605 3174 adextris
1634 3118 1770 3176 versus
1799 3085 1980 3174 Russiam

197 3278 202 3287 .
351 3201 641 3308 descendendo,
673 3201 864 3322 usquead
885 3203 1015 3291 limites
1038 3205 1161 3291 Castri
1185 3207 1370 3306 Caudecz,
1401 3204 1480 3291 suis
1500 3204 1635 3292 linibus
1656 3206 1980 3310 circumferencia·

246 3417 252 3428 ¹
349 3320 433 3410 liter
451 3318 761 3440 distinguuntur,
794 3320 949 3426 damus,
978 3323 1240 3456 assignamus,
1272 3322 1497 3410 conferimus
1528 3323 1717 3438 perpetuis
1738 3323 1980 3440 temporibus,

351 3451 390 3526 et
408 3437 613 3528 donamus:
645 3452 816 3554 preterea
835 3440 957 3556 ipsum
978 3438 1167 3528 dommum
1199 3438 1410 3528 ,Iohannem
1441 3453 1479 3528 et
1498 3471 1605 3528 suam
1636 3441 1910 3556 posteritatem,
1941 3454 1981 3527 ut

377 3558 587 3662 remittitur,
618 3558 750 3674 gracia
782 3559 963 3676 prosequi
990 3557 1162 3645 volentes
1191 3557 1361 3674 ampliorj
1373 3625 1383 3664 ,
1415 3556 1533 3648 eidem
1566 3571 1604 3644 et
1623 3555 1702 3646 suis
1729 3559 1891 3674 posteris
1912 3588 1981 3646 scu

350 3587 564 3778 beredibus,
599 3703 710 3762 omne
723 3674 788 3790 jus
809 3685 847 3760 et
867 3690 1087 3792 potestatem
1108 3675 1324 3792 plenariam,
1345 3677 1382 3762 in
1402 3705 1473 3763 suo
1494 3676 1680 3794 premisso
1701 3673 1865 3763 dominio
1886 3705 1981 3795 quo·

351 3791 557 3881 modolibet
586 3821 711 3910 genus
742 3792 1026 3880 malefactorum
1053 3806 1091 3879 et
1111 3791 1399 3898 sceleratorum,
1427 3823 1495 3911 per
1513 3792 1665 3882 modum
1679 3794 1831 3911 justicie
1850 3795 1982 3913 punire

352 3926 390 3999 et
410 3909 689 4024 condempnare
714 3911 908 3996 sentencia
928 3909 1110 4026 punitiva,
1136 3909 1368 3999 attribuimus
1389 3909 1649 4000 decernentes.
1703 3909 1842 4000 Castra
1861 3913 1980 4000 eciam

353 4057 421 4117 seu
441 4027 672 4115 municiones
693 4025 879 4144 quaslibet
898 4028 934 4114 in
955 4024 1090 4114 eodem
1111 4041 1182 4114 suo
1203 4029 1387 4118 territorio
1407 4035 1697 4120 nostraene·
1711 4029 1859 4135 locare,
1888 4059 1981 4119 con·

354 4157 516 4250 struere,
548 4146 695 4264 erigere
716 4160 753 4232 et
771 4143 938 4252 lirrnare,
966 4141 1190 4232 admittimus
1211 4147 1409 4262 graciose,
1441 4147 1632 4263 inquibus
1653 4149 1766 4237 vitam
1786 4177 1916 4254 suam,
1944 4162 1983 4235 et
2060 4253 2061 4258 Ν

275 4347 278 4354 .
353 4264 456 4350 bona
475 4262 612 4378 ipsius,
642 4263 692 4350 ab
712 4263 847 4351 insultu
867 4263 1030 4354 hostium
1050 4263 1298 4381 quorumlibet
1318 4265 1520 4354 oodouere
1547 4268 1670 4382 possit
1698 4263 1914 4370 salubriter,
1936 4281 1982 4354 et

268 4371 277 4401 ‘
353 4382 460 4497 tuerj.
510 4380 669 4497 lnsuper
700 4381 910 4470 theloneum
942 4381 1183 4500 abantiquo
1205 4383 1427 4489 institutum,
1459 4385 1541 4474 sive
1571 4384 1619 4472 sit
1636 4381 1880 4503 guidaginm
1898 4385 1982 4472 sivo

286 4555 296 4573 ·
347 4499 577 4619 pedagium,
614 4497 712 4584 idem
733 4497 905 4588 dominns
923 4499 1120 4590 lohannes
1139 4515 1177 4588 et
1196 4503 1255 4590 sui
1275 4529 1524 4594 successores
1545 4502 1698 4619 exigent
1718 4513 1755 4588 et
1773 4500 1982 4618 percipient

355 4647 440 4704 oum
471 4613 685 4704 omnimoda
705 4616 892 4704 facultate.
944 4618 1120 4706 Ceterum
1148 4620 1257 4740 regio
1288 4649 1337 4706 err
1367 4619 1499 4708 lavore
1527 4617 1700 4706 duximus
1729 4617 1980 4724 statuendum,

357 4735 457 4870 quod
477 4735 773 4851 prenominatum
792 4741 1057 4822 Rzeseociense
1077 4737 1229 4854 opidum
1262 4767 1345 4822 cum
1367 4765 1438 4823 suo
1458 4751 1537 4824 toto
1558 4734 1737 4844 districtu,
1761 4734 1809 4827 'in
1828 4736 1923 4826 villis
1944 4754 1981 4824 et

329 4849 583 4948 „libertatibus
602 4851 737 4940 locatis
758 4867 795 4941 et
810 4852 991 4958 locandis,
1005 4854 1093 4970 jure
1114 4855 1337 4964 theutonico,
1360 4853 1460 4972 quod
1482 4851 1815 4974 lllaijdeburgense
1835 4853 1979 4962 dicitur,

253 4996 295 5061 β’
