4780 5922
1111 755 1384 828 ——214-

431 955 571 1062 iudice,
604 956 666 1075 qui
687 985 757 1074 pro
778 970 947 1073 tempore
966 955 1117 1060 luerint,
1138 956 1348 1042 nullatenus
1368 952 1662 1072 respondebunt,
1684 958 1754 1044 nisi
1775 971 1913 1046 tantum
1935 989 2066 1049 coram

431 1073 558 1178 nobis,
589 1073 678 1160 dum
697 1103 766 1191 per
785 1072 929 1161 literam
950 1087 1081 1164 nostro
1100 1073 1209 1192 regio
1228 1073 1391 1193 insignio
1413 1073 1628 1193 singnatam
1643 1075 1726 1186 (sio)
1748 1078 1896 1165 euocati
1916 1078 2062 1185 luerint,

431 1206 520 1279 tunc
540 1191 588 1278 de
609 1221 652 1278 se
673 1191 973 1310 querulantibus,
1004 1221 1080 1278 non
1100 1191 1208 1278 aliter
1229 1207 1372 1298 tamen,
1402 1219 1514 1310 quam
1536 1220 1609 1280 suo
1629 1193 1710 1280 iure
1730 1192 1961 1300 theutunico,
1982 1227 2065 1286 res·

429 1310 599 1426 pondere
621 1322 825 1396 teneantur.
871 1307 921 1395 Et
941 1321 980 1394 ut
999 1307 1143 1395 facilius
1164 1307 1332 1427 predicta
1354 1307 1439 1396 villa
1459 1308 1576 1396 locari
1597 1311 1729 1426 possit,
1751 1312 1923 1424 omnibus
1943 1314 2063 1429 ipsam

429 1427 727 1538 inhabitentihus,
746 1456 769 1514 e
791 1426 880 1514 data
901 1426 1076 1542 presenti,
1097 1426 1146 1513 ab
1167 1427 1340 1516 omnibus
1360 1428 1499 1515 nostris
1520 1427 1778 1516 solucionibus
1800 1444 1837 1517 ct
1851 1433 2064 1519 exaccioni-
2221 1479 2226 1490 ¹

429 1543 519 1652 bus,
551 1574 788 1665 quocumque
818 1545 967 1632 nomine
991 1542 1182 1650 dicantur,
1213 1545 1308 1631 inira
1329 1543 1615 1664 quatuordecim
1634 1573 1777 1650 annos,
1810 1548 2094 1638 omnimodam.

428 1665 633 1785 elargimur
650 1660 868 1750 libertatem.
919 1659 1010 1775 Qua
1031 1660 1172 1778 elapsa,
1194 1661 1391 1750 ltmetones
1411 1661 1568 1779 predicti
1589 1661 1674 1748 ville
1693 1662 1876 1780 predicte,
1896 1664 1946 1753 do
1966 1695 2061 1785 quo·

427 1782 517 1870 libet
542 1810 695 1886 manso,
733 1794 819 1867 octo
841 1793 972 1868 scotos
992 1808 1234 1898 grossorum.
1248 1780 1402 1867 racione
1433 1809 1572 1868 census
1594 1779 1703 1868 nobis
1724 1782 1876 1870 soluere
1906 1785 1943 1869 in
1962 1784 2060 1873 leste

427 1899 526 1988 beati
546 1897 696 1986 Martini
717 1911 931 2000 teneantur,
967 1911 1112 1985 sextum
1133 1927 1226 1984 vero
1248 1896 1440 1986 denarium
1462 1897 1679 1986 censualem
1701 1897 1893 1987 Sooltetus
1913 1899 2061 2019 predic

427 2035 487 2107 tus
518 2032 555 2105 et
583 2017 639 2102 sui
670 2043 918 2104 successores
949 2014 1116 2134 legittimi
1146 2014 1354 2123 habebunt3
1387 2015 1457 2102 tria
1476 2015 1635 2132 prandia
1655 2017 1752 2104 inira
1771 2047 1909 2104 annum
1939 2019 2060 2124 nobis,

428 2137 509 2225 siue
527 2134 664 2221 nuncio
684 2148 815 2222 nostro
831 2131 1081 2237 debebuntur,
1112 2162 1136 2219 a
1156 2131 1325 2221 Scolteto
1346 2163 1479 2241 unum,
1511 2149 1549 2222 et
1567 2163 1593 2220 a
1612 2134 1849 2222 kmetonibus
1870 2134 1959 2240 duo,
1979 2137 2060 2224 siue

426 2281 496 2370 pro
517 2249 681 2371 quolibet
700 2281 813 2338 unum
831 2251 1014 2339 fertonem
1036 2249 1140 2363 (sic);
1171 2281 1243 2370 pro
1267 2249 1412 2338 decima
1433 2279 1528 2340 vero
1547 2281 1617 2369 per
1637 2281 1705 2338 sex
1726 2265 1858 2341 scotos
1888 2252 1939 2342 de
1967 2283 2062 2372 quo·

377 2463 385 2476 ,
427 2370 514 2460 libet
535 2399 668 2458 manso
690 2371 858 2473 soluent,
894 2383 931 2458 et
950 2398 1026 2455 non
1054 2369 1317 2486 manipulatim.
1369 2367 1552 2457 Preterea
1579 2367 1771 2487 predictus
1806 2369 1996 2459 Sooltetus
2027 2385 2064 2459 et
2367 2393 2368 2486 t

426 2491 484 2576 sui
503 2517 765 2595 successores,
785 2485 836 2572 ad
853 2486 1054 2604 quemlibet
1074 2485 1357 2604 expedicionem
1377 2487 1594 2606 generalem
1615 2489 1651 2573 in
1668 2485 1922 2578 defensionem
1943 2489 2063 2578 nostri
2366 2509 2368 2582 t

426 2605 566 2724 Regni,
588 2635 672 2692 cum
693 2634 768 2691 une
789 2603 938 2690 homine
959 2601 1124 2720 galeato,
1145 2603 1254 2691 nobis
1276 2617 1314 2690 et
1328 2605 1468 2691 nostris
1484 2602 1774 2693 successoribus
1796 2605 1939 2692 seruire
1960 2622 2063 2694 tene·
2367 2593 2368 2654 ³

426 2737 544 2810 antur.
575 2720 1069 2833 ln'qucrum'testimonium,
1089 2735 1286 2838 presentes
1308 2720 1390 2809 dari
1404 2720 1571 2826 fecimus,
1592 2723 1709 2809 nostri
1730 2722 1840 2841 sigilli
1861 2723 2061 2810 munimine
2105 2775 2115 2786 =

426 2838 639 2927 roboratas.
687 2839 823 2928 Actum
844 2839 881 2926 in
904 2841 1075 2943 Czchow,
1111 2839 1204 2926 leria
1224 2838 1394 2926 secunda
1413 2851 1501 2926 ente
1523 2837 1620 2928 diem
1651 2837 1761 2927 beate
1792 2839 1913 2926 illaria
1942 2839 2059 2962 Mag·

426 2955 572 3045 dalene.
626 2956 707 3044 Sub
727 2985 828 3044 anno
849 2955 987 3044 domini
1007 2953 1204 3044 Millesimo
1227 2955 1344 3044 CCC⁰
1363 2955 1411 3046 L⁰
1431 2972 1551 3044 sexto.
1596 2955 1842 3046 Prosentibus
1863 2957 1936 3075 hijs
1957 2959 2059 3048 testi·

425 3074 514 3162 bus:
537 3075 703 3194 Wiozga
725 3075 922 3192 capitaneo
944 3072 1180 3179 sandecensi,
1202 3071 1362 3163 Nicolao
1384 3074 1627 3193 subdapilero
1647 3140 1829 3180 ........
1851 3071 1995 3163 Ottone
2011 3073 2060 3163 dc

425 3190 569 3309 Pylaia,
589 3191 708 3280 Petro
725 3191 773 3279 de
789 3191 1034 3297 Senecoczie,
1054 3191 1234 3280 Ymramo
1250 3191 1421 3314 Zegothe
1437 3191 1640 3282 burcrauio
1657 3191 1706 3279 de
1724 3191 1907 3298 Czchow,
1922 3191 2058 3281 Marco

295 3391 307 3419 ,
413 3308 587 3398 custode
617 3308 910 3416 Sandomirien.,
941 3326 978 3400 et
998 3309 1080 3427 alijs
1101 3309 1223 3400 multis
1244 3308 1319 3398 lide
1340 3309 1484 3434 dignis..
1526 3310 1715 3430 Scriptum
1736 3340 1805 3430 per
1827 3337 1960 3398 manus
1989 3309 2056 3397 Ja-

393 3533 397 3540 .
426 3426 512 3515 cohi
533 3429 668 3546 notarij
689 3427 820 3517 nostri.

1154 3716 1331 3834 Cllllll.

612 3946 848 4042 Brcetti,
870 3877 1030 4032 emmo
1056 3943 1203 4036 lasa
1230 3946 1323 4031 die
1349 3944 1421 4030 12
1448 3968 1517 4032 m.
1545 3945 1864 4032 Femmrii.

423 4129 702 4204 flemevltns
724 4133 795 4206 ltux
811 4127 987 4217 laedae,
1008 4132 1161 4224 approbet
1175 4129 1370 4206 concorden
1382 4129 1465 4205 inter
1478 4127 1790 4206 eeetueueuen
1804 4135 1949 4224 penem
1964 4147 2053 4206 meu
2141 4147 2150 4166 ¹
2207 4177 2212 4186 ·

466 4247 521 4324 per
535 4231 715 4308 demtum
728 4249 833 4325 regem
846 4235 964 4308 temen
977 4231 1017 4305 de
1030 4233 1224 4307 tumuume
1239 4235 1274 4306 et
1287 4232 1437 4308 ttenete
1450 4233 1600 4305 benonin
1614 4232 1655 4306 et
1669 4248 1946 4324 capessentem
1960 4233 2011 4317 (¹).

522 4437 563 4526 ln
585 4442 733 4528 nomine
753 4439 902 4546 domini,
922 4471 1044 4529 amen.
1082 4437 1142 4528 Ea
1164 4469 1237 4559 que
1256 4439 1349 4528 liunt
1368 4453 1406 4528 et
1425 4439 1644 4529 ordinantur
1663 4441 1700 4527 in
1717 4397 1901 4558 tempore,
1916 4466 1963 4525 ne
1981 4469 2052 4556 per

422 4557 623 4650 decursum
645 4559 845 4678 temporis,
876 4559 981 4645 simul
1011 4587 1097 4646 cum
1122 4571 1293 4674 tempore
1318 4571 1529 4662 transeant,
1560 4572 1598 4647 et
1617 4585 1642 4642 a
1661 4559 1841 4646 memoria
1861 4557 2049 4644 horninum

522 4789 563 4873 (¹)
591 4791 640 4856 Ex
653 4789 756 4859 tabule
770 4789 943 4858 authentice
957 4789 1188 4858 membraneeee
1211 4790 1418 4858 Veneriensis
1433 4789 1574 4856 tabularii
1589 4791 1700 4878 publici
1722 4787 1819 4876 Regni
1835 4789 1980 4858 Poloniec
1994 4787 2049 4856 gre

421 4875 473 4942 25.
501 4872 637 4960 Sigillum
653 4876 748 4957 deest,
763 4882 859 4943 restet
871 4875 993 4943 nonnisi
1006 4873 1136 4943 taeniole
1151 4893 1342 4962 pergamena,
1357 4893 1417 4962 que
1431 4891 1598 4962 appensum
1614 4883 1688 4942 eret.
