4780 5922
1007 806 1282 880 -ltb-

1120 1110 1172 1226 c.

452 1353 764 1453 wermudae,
793 1337 947 1438 aanor
972 1351 1130 1438 1:306
1158 1355 1251 1439 dic
1276 1351 1352 1438 25
1378 1375 1520 1440 mcor.
1545 1353 1838 1439 sonum-rr.

332 1555 568 1628 comulas
595 1554 1115 1628 Junivindielariennis
1145 1556 1380 1656 civitatis,
1409 1558 1567 1646 inducias,
1596 1573 1676 1648 uuor
1701 1573 1771 1628 eun
1794 1555 1888 1630 ionio
1914 1556 1953 1630 ic

331 1655 519 1748 inuolutam
543 1655 639 1748 bogis
663 1656 830 1730 bobonioo
853 1657 1033 1732 inioicuic
1054 1659 1256 1732 Procurotcrc
1277 1676 1378 1748 uuouo
1399 1659 1444 1731 oi
1461 1659 1541 1731 iion
1562 1655 1603 1730 29
1625 1657 1743 1730 monnio
1765 1656 1955 1749 Septembris

332 1756 498 1831 iuraturos
519 1757 690 1850 iniverunt,
714 1758 914 1831 homininum
934 1777 1040 1842 comm
1064 1763 1178 1834 bucon
1203 1758 1413 1854 buiummuon
1436 1764 1470 1834 ct
1492 1759 1837 1834 tuuiuioiiuiuuiouocm
1859 1758 1955 1832 otim

332 1860 601 1946 oomcmotumm,
622 1861 657 1932 et
671 1859 791 1933 aditum
812 1861 853 1934 oi
874 1877 976 1934 meon
996 1861 1217 1953 civitatemque
1240 1863 1450 1928 aaronem
1460 1859 1506 1950 (l)
1526 1860 1626 1932 cidon
1640 1878 1660 1933 o
1673 1859 1816 1933 bobonis
1830 1859 1955 1932 metito·

332 1958 459 2046 ouium,
481 1959 665 2034 obueniouto
682 1961 758 2034 bobii
780 1963 892 2035 oontm
909 1961 1098 2037 tioduioun
1116 1963 1275 2035 booboun
1293 1963 1504 2050 nomeuitnte,
1526 1963 1625 2060 copiis
1644 1962 1848 2034 bobomomn
1868 1962 1955 2054 peto·

162 2031 167 2045 ¹
321 2127 325 2135 ‚
367 2061 583 2149 frotmundo
596 2078 634 2134 so
647 2063 814 2156 rooipiunt;
836 2082 894 2138 uno
908 2083 969 2137 uon
983 2064 1021 2136 io
1035 2065 1163 2138 tiocntio
1176 2065 1342 2138 cornutam
1355 2065 1488 2138 miiitum
1500 2068 1575 2138 tuno
1589 2066 1622 2137 ot
1635 2061 1924 2138 luntriubiutouion

768 2164 918 2254 innomi,
931 2164 1029 2238 ruetis
1043 2167 1272 2240 vomitionibus
1287 2167 1466 2259 iisocptnut
1475 2170 1484 2254 (
1492 2169 1519 2250 ¹).

435 2387 645 2474 innomine
667 2385 821 2492 domini,
852 2417 972 2476 amen.
1012 2387 1095 2478 Nos
1116 2391 1302 2478 Ditericus
1325 2391 1373 2476 de
1393 2389 1557 2496 Thuran,
1579 2391 1715 2478 Petrus
1736 2389 1955 2494 Manccssa‚

332 2507 575 2594 Hermannus
595 2503 689 2594 Glaz
710 2521 747 2592 et
766 2503 948 2594 Nicolaus
967 2506 1186 2626 Marquardi
1208 2511 1311 2595 cives
1332 2523 1370 2594 et
1383 2506 1560 2596 consules
1576 2510 1734 2596 civitatis
1754 2505 1957 2596 Wladisla-

257 2679 260 2688 ·
332 2630 402 2731 vie,
423 2651 471 2708 ac
492 2635 570 2708 tota
590 2624 836 2711 communitas
857 2625 1015 2714 civitatis
1036 2625 1214 2729 eiusdem,
1235 2640 1362 2712 notum
1382 2626 1538 2712 iacimus
1559 2626 1742 2714 universis
1760 2637 1958 2740 presentes

333 2747 473 2834 litteras
488 2739 728 2859 inspecturis:
749 2740 850 2858 quod
866 2772 937 2828 nos
953 2773 1036 2830 cum
1052 2743 1258 2830 honorabili
1274 2745 1354 2830 viro
1372 2741 1523 2829 domino
1543 2742 1664 2830 Panlo
1686 2741 1736 2830 de
1753 2739 1960 2857 Paulsteijn

336 2865 543 2982 Capitanec
564 2859 693 2978 Regni
714 2858 872 2946 Polcnie
893 2860 1003 2947 talem
1024 2862 1179 2948 fecimus
1201 2858 1496 2947 ordinacionem:
1519 2860 1620 2978 quod
1638 2859 1811 2947 dominus
1827 2871 1958 2946 noster

333 2974 553 3068 Premislius
582 2977 670 3064 Dux
701 2975 855 3062 Cuiavic
875 2990 914 3062 et
934 2977 1106 3065 dominus
1127 2978 1396 3084 Wladislavie,
1426 2990 1599 3096 trengam
1622 3008 1690 3064 seu
1710 3005 1843 3095 pacem
1864 2976 1977 3084 inter¹

334 3121 406 3196 nus
426 3098 562 3183 laetam
582 3123 704 3210 usque
724 3091 772 3178 ad
792 3095 925 3180 lestum
946 3097 1065 3182 sancti
1096 3095 1292 3183 Michaelis
1323 3125 1407 3181 cum
1439 3106 1516 3182 tcta
1547 3094 1709 3182 Polcnia
1730 3108 1766 3180 et
1786 3093 1958 3180 omnibus

336 3215 471 3304 castris
491 3242 559 3300 seu
581 3209 786 3298 civitatibus
808 3226 846 3297 et
865 3210 1088 3300 districtibus
1111 3242 1257 3318 eornm,
1281 3243 1353 3330 quc
1373 3227 1601 3298 memoratus
1622 3210 1795 3300 dominos
1815 3210 1959 3299 Paulus

334 3333 483 3421 nomine
505 3329 642 3416 domini
662 3330 766 3464 regis
786 3329 822 3414 in
844 3360 912 3416 sua
934 3343 1034 3416 tenet
1053 3344 1249 3447 potestate,
1270 3329 1423 3416 firmiter
1443 3342 1480 3412 et
1499 3329 1754 3415 inviolabiliter
1775 3359 1858 3413 enm
1880 3329 1958 3414 suis

335 3449 506 3538 omnibus
528 3446 761 3550 observabit,
781 3459 830 3530 et
851 3445 952 3562 qnod
975 3462 1138 3532 castrum
1161 3463 1197 3533 et
1218 3447 1402 3532 civitatem
1435 3433 1697 3530 Bononiensem
1734 3441 1829 3554 Ν)
1861 3474 1958 3559 quos

336 3568 435 3654 idem
465 3563 636 3649 dominus
666 3562 810 3648 Paulus
840 3577 1047 3648 memorato
1078 3561 1230 3648 dominc
1261 3576 1391 3647 nostro
1421 3560 1518 3645 Duei
1543 3561 1713 3676 promisit
1741 3559 1904 3646 reddere
1924 3579 1961 3650 et

285 3699 287 3704 '
336 3683 413 3772 resi
444 3707 536 3766 nare
574 3709 695 3800 usque
734 3675 784 3763 ad
824 3676 1055 3794 praedictum
1097 3679 1316 3784 terminum,
1367 3677 1551 3796 permittet
1595 3679 1732 3768 intrare
1772 3675 1960 3766 dominum

335 3709 495 3890 Paulum
526 3828 594 3884 seu
624 3825 717 3885 suos
746 3792 916 3883 homines
947 3782 1078 3883 cunt'ra
1107 3796 1237 3884 hostes
1269 3795 1356 3883 dicti
1386 3793 1523 3884 domini
1551 3797 1674 3916 regis,
1706 3797 1737 3883 si
1767 3796 1960 3913 predictos

336 3931 504 4006 castrum·
532 3927 569 3999 et
591 3915 773 4001 civitatem
803 3911 939 4000 vellent
963 3912 1171 4032 aliqualiter
1190 3916 1420 4032 inpugnare3
1451 3912 1510 4000 vel
1532 3915 1648 4000 eciam
1670 3929 1961 4033 quantocunque

336 4035 494 4124 durante
529 4046 665 4152 treuga
695 4033 820 4119 velent
849 4030 987 4118 intrare
1018 4031 1196 4140 eandem,
1232 4033 1488 4120 admittentur:
1529 4030 1630 4146 quod
1665 4033 1697 4116 si
1727 4033 1960 4151 contingerit,

337 4153 439 4274 quod
461 4151 577 4254 absit,
608 4150 710 4266 qucd
741 4148 872 4235 civitas
901 4151 983 4264 ipsa
1014 4149 1073 4240 rel
1106 4166 1268 4242 castrum
1301 4150 1424 4265 aliquo
1455 4149 1653 4234 inlcrtnnic
1683 4148 1744 4234 vel
1775 4151 1960 4266 potencia,

337 4300 408 4390 per
437 4267 605 4356 inimicos
632 4265 770 4352 domini
789 4269 894 4384 regis
915 4282 1154 4384 caperentur,
1185 4267 1448 4386 promittimus,
1481 4263 1582 4381 quod
1604 4264 1773 4354 hemines
1793 4267 1960 4358 eiusdem

345 4549 348 4559 ·
439 4517 475 4604 (¹)
502 4514 619 4583 Tabula
635 4512 807 4580 authentico
822 4515 850 4578 in
866 4513 989 4600 publico
1003 4513 1246 4598 liegiomonteuo
1261 4513 1426 4592 tabulario,
1447 4514 1554 4580 cistula
1568 4515 1662 4582 [ΚΜ
1678 4517 1767 4584 prop
1781 4523 1959 4590 asservatur.
2024 4561 2033 4570 -

340 4601 534 4688 apographon
549 4607 650 4666 autom
667 4599 748 4684 ejus,
770 4597 800 4663 iu
815 4617 877 4684 quo
900 4597 1011 4664 nullum
1033 4598 1072 4663 de
1093 4600 1189 4682 sigillo
1212 4599 1395 4665 mentionem
1419 4599 1534 4679 inveni,
1560 4602 1683 4680 eadem,
1705 4619 1765 4685 qua
1780 4605 1811 4664 et
1824 4599 1960 4676 tabulam

340 4687 475 4772 proxima
491 4683 732 4772 praecedentem,
746 4683 864 4751 ratione
880 4682 1033 4748 consecuti
1048 4701 1161 4749 sumus.
2051 4763 2054 4770 .

388 4801 392 4808 ·
441 4768 476 4851 (²)
504 4769 569 4836 Nisi
582 4769 667 4835 urhis
681 4768 942 4836 tuuirlndielarioe
956 4769 1058 4854 (quam
1074 4782 1229 4854 nunquam
1245 4767 1315 4852 adii]
1329 4769 1411 4836 ricus
1426 4775 1479 4835 aut
1492 4768 1668 4834 suburbium
1685 4766 1806 4852 aliquod
1818 4769 1960 4840 munitio·

339 4853 428 4922 nibus
442 4853 514 4918 olim
528 4853 689 5003 hamulum,
704 4853 817 4920 Bartae
832 4861 1040 4937 nuncupatum
1053 4852 1101 4931 sit,
1116 4852 1204 4920 luoile
1215 4852 1273 4921 hoo
1284 4875 1394 4922 numen
1405 4871 1566 4939 perperam
1579 4873 1616 4918 eu
1628 4850 1817 4938 autographo
1829 4853 1959 4942 descrip-

338 4946 403 5004 tuum
419 4957 486 5005 asse
501 4957 542 5023 pu
576 4983 585 5002 .
1086 4973 1090 4982 ·
1749 4949 1751 4956 '
