4780 5922
1125 797 1171 810 -
1228 759 1299 832 lut
1342 797 1399 837 ,-

448 959 1052 1076 autemicaluerintperhenneta.
1090 956 1175 1046 Nos
1196 960 1321 1076 igitur·
1337 957 1553 1070 Samomtus
1569 955 1635 1044 dei
1653 959 1788 1076 grecia
1819 958 1920 1051 Dux*
1934 960 2073 1074 Debri-

449 1075 659 1191 consisto,
674 1119 676 1124 ¹
692 1093 819 1192 notum
840 1078 995 1164 iacimus
1015 1077 1199 1163 universis
1216 1081 1295 1161 'tam
1314 1073 1553 1190 presentibus
1574 1076 1839 1193 quamlut'rris
1859 1091 2073 1194 presentem

304 1269 311 1278 .
449 1200 625 1317 peginam
652 1197 880 1314 inspecturis
889 1233 916 1280 :·
932 1193 1035 1313 quod
1065 1195 1250 1281 intuentes
1279 1190 1424 1297 tidelia,
1455 1207 1567 1310 grata
1597 1207 1644 1278 et.
1658 1193 1770 1282 utilia.
1788 1197 1968 1299 servicia,
1991 1225 2073 1313 ·que

252 3225 268 3290 t
346 3229 369 3277 a
440 3191 516 3280 sub
537 3220 584 3276 ea
598 3187 846 3293 condicione,
878 3187 980 3301 quod
999 3187 1110 3278 nohis
1131 3220 1282 3306 semper
1310 3193 1347 3278 in
1367 3187 1511 3278 eisdem
1532 3185 1846 3278 hereditarhusfi

449 1315 624 1402 Andreas
653 1313 704 1400 de
734 1313 924 1402 Cracovia
953 1312 1062 1398 nubis
1092 1311 1336 1428 multipliciter
1358 1309 1543 1412 exhibuit,
1580 1325 1653 1396 turn
1681 1341 1730 1399 eo
1760 1325 1950 1427 tempore,
1985 1311 2072 1401 dum

448 1463 520 1519 nos
549 1433 682 1518 luimus
714 1433 749 1516 in
765 1430 1000 1548 captivitate,
1033 1459 1145 1547 qnam
1171 1458 1242 1546 per
1272 1425 1488 1530 consilium,
1516 1427 1689 1516 auxilium
1719 1443 1756 1514 et
1774 1427 1949 1533 labores,
1976 1459 2073 1546 quos

445 1581 517 1669 pro
537 1547 648 1637 nohis
669 1546 809 1635 lecerat
827 1546 1026 1665 pensando
1046 1548 1158 1632 vitam
1181 1575 1300 1648 suam,
1319 1544 1463 1631 liberati
1482 1545 1616 1632 luimus
1633 1544 1682 1632 de
1695 1548 1911 1662 captivitate
1926 1547 2072 1665 absque

446 1667 520 1776 ulla
541 1669 726 1784 peccunia
746 1665 840 1777 (sic),
861 1695 929 1782 per
940 1663 1135 1750 consilium
1158 1678 1195 1749 et
1209 1693 1280 1750 suo
1296 1661 1481 1780 adjutorio
1497 1662 1735 1750 rehabuirnus
1752 1679 1890 1752 terram
1904 1677 2072 1753 nostran

447 1787 540 1897 (sio),
562 1811 673 1903 quem
695 1786 813 1870 eciam
834 1783 1006 1870 omnibus
1028 1783 1109 1898 alijs
1129 1782 1326 1867 retroactis
1343 1809 1413 1896 pro
1426 1779 1537 1868 nobis
1554 1783 1768 1896 nostrisque
1783 1781 2071 1873 successorium

447 1901 549 2013 (sic),
579 1932 674 1988 vero
705 1901 808 1989 titulo
839 1913 876 1986 et
900 1902 1006 2016 pure‘
1024 1897 1246 1985 donacionis
1277 1897 1432 1999 damus,
1464 1895 1647 1984 tradimus
1677 1912 1716 1984 et
1737 1899 1963 1986 malerinum
1994 1911 2071 1990 troe

446 2019 674 2105 hereditates
696 2033 846 2105 nostras
868 2017 1060 2134 wlgariter
1081 2016 1201 2102 dictas
1224 2011 1466 2126 Mehocw),
1487 2015 1560 2101 sibi
1580 2015 1733 2132 suisque
1753 2017 1853 2104 veris
1869 2015 2069 2104 heredibus

359 2185 369 2198 -
446 2150 485 2220 et
507 2137 541 2222 le
572 2137 679 2222 itimis
709 2134 996 2222 successoribus
1011 2135 1098 2250 jure
1118 2131 1345 2232 hereditario
1375 2133 1651 2250 inperpetuum
1683 2131 1956 2252 possidendas,
1986 2163 2070 2218 cum

447 2165 618 2340 omnibus
648 2252 877 2356 utilitatibus
908 2249 1079 2338 videlicet
1105 2263 1183 2337 toto
1205 2244 1309 2353 lacu,
1340 2245 1547 2336 secundum
1579 2247 1681 2369 quod
1712 2253 1749 2338 in
1780 2281 1823 2340 se
1855 2251 2069 2351 continetur,

446 2373 554 2457 terris
575 2371 683 2458 cultis
702 2384 740 2456 et
759 2369 923 2473 incultis,
954 2369 1092 2486 pratiS,
1124 2369 1238 2468 silvie,
1266 2367 1491 2476 nemoribus,
1512 2368 1712 2485 quercetis,
1734 2397 1914 2488 aquarum
1935 2368 2070 2455 decur-

391 2543 395 2554 ·
445 2485 549 2575 sibus
580 2517 678 2574 cum·
696 2487 919 2574 accessibus
950 2501 987 2573 et
1017 2487 1258 2603 egressibus,
1290 2485 1368 2570 sive
1394 2487 1482 2602 jura
1513 2501 1550 2572 et
1566 2483 1834 2601 jurisdicicnes
1865 2513 2071 2606 omnesque

445 2619 553 2690 actus
574 2605 808 2720 personales,
830 2603 954 2688 reales
974 2616 1088 2720 atque
1108 2604 1253 2706 mixtas
1274 2631 1347 2719 que
1368 2616 1406 2688 et
1425 2607 1523 2720 quas
1540 2601 1679 2692 habere
1694 2618 1821 2717 potest
1840 2605 1877 2688 in
1893 2603 2070 2717 predictis

444 2719 723 2824 hereditatibus,
744 2718 793 2805 ad
814 2717 1037 2824 habendum,
1059 2718 1270 2824 tenendum,
1291 2717 1571 2836 possidendum,
1595 2733 1634 2804 et
1646 2719 1814 2838 quitquid
1830 2719 1900 2806 sibi
1916 2721 1974 2805 vel
1991 2722 2070 2806 suis

418 2862 421 2870 ·
444 2838 732 2928 successoribus
753 2834 932 2952 deinceps
953 2835 1144 2952 placuerit
1164 2849 1347 2954 perpetuo
1367 2835 1587 2928 laciendum.
1618 2835 1760 2924 Dentes
1778 2834 1898 2922 eidem
1915 2833 2069 2924 Andree

444 2972 481 3042 et
510 2957 589 3043 suis
620 2957 782 3073 posteris
813 2953 968 3040 liberum
999 2955 1189 3041 arbitrium
1221 2954 1374 3041 easdem
1406 2953 1633 3042 hereditates
1662 2951 1871 3060 vendendi,
1904 2949 2097 3042 donandi
2173 3003 2176 3012 ·

444 3089 556 3190 atque
577 3071 849 3176 commutandi,
881 3071 1035 3159 consilio
1065 3087 1190 3158 nmen
1221 3087 1257 3160 et
1277 3101 1466 3160 consensu
1487 3085 1619 3160 nostro
1640 3072 1689 3158 ad
1711 3070 1785 3159 hoc
1804 3071 2003 3276 repplisito,
2033 3080 2071 3206 et

1911 3215 2106 3278 enervo·

444 3309 540 3394 cium
564 3307 791 3393 exhibeatur.
832 3306 1017 3392 Volumus
1037 3308 1207 3441 insuper,
1235 3323 1273 3393 ut
1294 3307 1485 3427 predictus
1506 3307 1679 3412 Andreas
1701 3337 1786 3393 cum
1808 3309 1886 3396 suis
1907 3307 2069 3422 posteris

320 3433 323 3441 '
443 3423 614 3544 gaudeat
635 3423 682 3510 de
704 3424 856 3541 speciali
878 3434 1008 3512 nostra
1029 3453 1163 3540 gracia
1189 3438 1226 3512 et
1245 3425 1375 3516 levore
1398 3425 1502 3536 (sic),
1533 3423 1666 3512 damus
1688 3422 1937 3512 omnimodam
1958 3451 2069 3512 vena-

444 3543 588 3628 cionem
620 3543 829 3628 animalium
852 3557 925 3628 tam
948 3541 1231 3658 quadrupedum
1243 3547 1365 3654 'quarn
1386 3545 1608 3648 volatilium,
1640 3543 1897 3658 cujuscunque
1918 3545 2069 3662 generis

443 3661 586 3762 luerint,
607 3660 808 3745 liberantes
830 3672 867 3744 et
881 3658 1124 3746 absolventes
1145 3661 1291 3764 incolas
1306 3660 1556 3777 predictarum
1574 3659 1817 3747 hereditatum
1833 3660 1883 3746 ab
1899 3660 2070 3747 omnibus

445 3776 701 3864 solucionibus
723 3791 759 3862 et
779 3776 1057 3880 exactionibuS,
1089 3793 1315 3887 que-nostro
1336 3780 1485 3864 nomine
1506 3779 1588 3890 (sic)
1609 3777 1854 3865 dinoscuntur
1875 3779 2077 3894 pertinere,

340 3979 368 4016 s
444 3916 668 4005 quocunque
700 3893 849 3978 nornine
880 3905 1127 4000 censeantur;
1156 3909 1197 3980 et
1217 3895 1427 4013 specialiter
1457 3895 1557 3984 idem
1585 3894 1966 4014 Andreasdecimam
1987 3893 2085 4003 (sic)·
2168 3957 2170 3962 -

443 4211 556 4274 sonori
572 4211 734 4293 impertito,
750 4209 883 4274 tabulam
898 4209 977 4276 huuc
989 4209 1083 4276 uuus
1097 4209 1256 4287 Zisnovid
1268 4220 1368 4279 mum
1382 4213 1572 4290 doctmonte.
1593 4159 1784 4362 eusseupue
1799 4211 1979 4280 adverbum
1994 4210 2069 4288 retu·
2185 4191 2189 4198 ⁴

376 4321 392 4348 ο
445 4300 541 4368 rente,
577 4293 638 4377 uod
652 4314 745 4358 manu
756 4295 814 4360 scri
837 4301 870 4360 to
885 4295 963 4360 libro
979 4295 1071 4360 xxo
1087 4294 1249 4362 Tebrrlerii.
1257 4296 1368 4380 publici
1383 4295 1643 4384 Regni-Pelopiae
1657 4295 1709 4364 tut
1742 4295 2003 4388 imminendum
2015 4303 2068 4360 est

546 4312 580 4460 (ll
593 4459 599 4473 ⁶
610 4379 699 4474 Anno
714 4377 795 4442 1300
806 4315 856 4444 dle
870 4379 947 4442 15mu
958 4401 1037 4445 men.
1048 4374 1246 4476 Septembris,
1258 4379 1375 4478 [lucem
1385 4381 1586 4478 hiemavitum
1597 4379 1717 4478 titulum
1728 4379 1910 4476 „Lammina¹
1917 4391 2069 4444 morum

443 4473 484 4544 ‚et
497 4459 711 4530 noenum
728 4481 904 4544 compasse,
925 4463 1028 4530 tabula
1049 4464 1186 4533 eusdem
1209 4465 1321 4542 Duos,
1342 4465 1390 4532 uu
1404 4465 1455 4534 dre
1470 4472 1610 4541 exarata,-
1632 4472 1663 4537 et
1676 4485 1707 4533 ru
1720 4485 1815 4552 opere
1830 4463 2070 4548 doctiss.,Strcu·

445 4545 582 4638 cuyhscii,
599 4541 682 4632 quod
697 4544 835 4630 „Wzory
848 4545 926 4632 pum
940 4547 1029 4612 docco
1050 4486 1102 4613 clr’
1117 4544 1296 4628 inscribitur,
1311 4548 1389 4635 typis
1404 4549 1732 4633 descriptu‚'dccemur.
1836 4544 1839 4557 ’
1954 4559 1959 4569 “

444 4663 447 4670 ·
472 4713 478 4726 .
546 4629 587 4727 (ll
609 4628 749 4696 Melone
771 4647 866 4712 pagus
886 4570 1063 4712 parochialis
1086 4634 1115 4698 iu
1132 4635 1313 4729 propinquo·
1326 4633 1430 4782 oppidi
1453 4634 1601 4731 ltebrzpdr
1614 4634 1874 4712 amn-taracona
1894 4629 2071 4729 mundonis

444 4714 612 4810 Lrpuensrs.
648 4714 753 4792 Quum
776 4722 879 4778 autern
900 4713 1002 4780 tabula
1018 4714 1055 4779 de
1070 4716 1167 4783 tribus
1189 4718 1265 4784 villis
1287 4739 1352 4803 ejus
1375 4739 1424 4782 em
1447 4738 1576 4782 nommrs
1599 4719 1783 4784 mentionem
1806 4718 1912 4794 saciat,
1935 4725 2009 4801 puto
2023 4714 2071 4782 luc

443 4803 536 4946 mm
549 4797 610 4893 ulie
627 4795 820 4964 intepligend'p
835 4799 926 4950 Ἢ,
948 4817 1028 4884 quae
1043 4807 1137 4885 prope
1151 4801 1325 4870 Materiam
1342 4802 1372 4875 in
1384 4799 1558 4888 eademque
1570 4802 1713 4887 pereclu'u
1726 4801 1985 4882 dietmarum
1999 4799 2029 4884 ti.
2043 4821 2069 4866 e.

520 4899 854 4968 ovraperrauppeen
906 4931 912 4946 .
1053 4958 1058 4966 ,
1183 4891 1189 4902 ’
1373 4948 1377 4956 ,
1459 4916 1462 4922 ’
1598 4953 1602 4961 ,
1710 4933 1728 4945 ..
1786 4944 1789 4954 .
1980 4911 2054 4955 w·
