4870 5948
2000 799 2026 844 X

400 959 563 1058 (Murali
586 960 769 1052 Koronnc)
798 960 946 1054 dictum,
975 963 1125 1060 plurima
1153 961 1255 1036 nobis
1282 960 1517 1060 suppeditavit
1546 965 1772 1038 munimenta
1824 964 2027 1039 Praefectus
2051 964 2057 972 ’

401 1059 557 1159 ejusdem
582 1058 777 1153 Tabularii,
802 1063 1010 1136 clarissimus
1035 1063 1321 1158 doctissimusque
1345 1061 1444 1136 Felix
1468 1063 1702 1156 BentkoviuS,
1728 1064 1792 1138 Vir
1802 1065 1879 1161 jam
1895 1066 2027 1161 optime

400 1161 545 1234 meritus
562 1159 607 1234 de
623 1162 673 1234 rei
690 1162 874 1235 litterariae
891 1164 1040 1260 polonae
1055 1161 1214 1254 historia,
1232 1162 1327 1259 juvit
1341 1186 1407 1234 nos
1423 1187 1496 1234 non
1512 1173 1651 1236 tanturn
1666 1175 1762 1237 recto
1780 1165 1937 1254 consilio,
1963 1162 2026 1238 sed

401 1260 507 1336 etiam
517 1259 843 1352 benevolentissime
856 1287 897 1334 ac
910 1263 1145 1337 efficacissimo
1157 1263 1295 1335 auxilio.
1328 1259 1425 1335 Inter
1436 1273 1570 1336 ceteros
1586 1261 1691 1336 Viros
1703 1265 1869 1362 privatos,
1879 1264 2026 1361 justissi-

399 1384 476 1434 mas
488 1362 617 1458 gratias
630 1363 759 1436 referre
771 1361 940 1436 debemus
952 1363 1170 1461 amplissimis
1180 1363 1263 1435 viris
1279 1360 1458 1434 Rusieccio
1476 1373 1512 1436 et
1528 1360 1805 1463 Snonczyr'rscio,
1822 1365 1881 1461 qui
1898 1364 1942 1438 de
1954 1363 2026 1436 suis

399 1461 548 1557 propriis
573 1459 819 1560 diplomatibus
842 1462 1081 1537 lubentissime
1104 1463 1205 1535 nobis
1230 1462 1432 1534 obtulerunt
1454 1463 1621 1560 plurimas
1643 1464 1781 1538 tabulas
1798 1464 2025 1554 authenticas,
2053 1497 2056 1509 ·

400 1561 458 1634 vel
474 1561 579 1634 etiam
593 1563 803 1660 apographa
845 1560 992 1636 Michael
1009 1562 1173 1660 Princeps
1190 1560 1409 1635 Radziwillus
1427 1573 1463 1634 et
1480 1560 1730 1637 Constantinus
1748 1563 1873 1639 Comes
1889 1563 2025 1660 Zamoj·

401 1659 453 1734 sti
476 1684 541 1734 sua
563 1663 699 1759 private
721 1662 894 1736 tabularia
917 1658 1067 1736 adeundi
1091 1663 1190 1735 nobis
1207 1672 1418 1759 potestatem
1435 1660 1615 1736 dederunt
1665 1662 1767 1738 Duae
1783 1665 1849 1738 hae
1865 1665 2024 1754 familiae,

400 1760 483 1833 olim
505 1763 661 1836 maxima
684 1763 891 1836 auctoritate
914 1763 1006 1838 inter
1028 1787 1111 1837 suos
1136 1763 1322 1860 populares
1338 1763 1511 1852 fruentes,
1536 1763 1645 1836 altera
1670 1764 1706 1836 in
1730 1763 1860 1862 Magno
1883 1763 2025 1837 Ducatu

400 1857 623 1951 Lithuaniae,
654 1863 763 1936 altera
786 1863 822 1935 in
847 1862 970 1960 Regno
993 1861 1177 1952 Poloniae,
1201 1885 1293 1958 quae
1308 1871 1385 1934 toto
1400 1862 1510 1936 ferme
1525 1873 1667 1937 nostrae
1689 1864 1853 1939 historiae
1876 1864 2026 1938 decursu

399 1961 530 2057 primas
548 1971 667 2058 partes
683 1962 845 2060 agebant,
870 1965 1126 2060 plurimumque
1144 1961 1310 2060 dignitate
1327 1961 1512 2059 pollebant,
1536 1965 1665 2037 nostris
1681 1964 1795 2038 adhuc
1810 1965 2026 2063 temporibus

403 2073 587 2136 asservant
610 2063 647 2136 in
672 2065 743 2138 suis
768 2063 946 2137 tabulariis
969 2064 1161 2138 uberrimos
1185 2063 1318 2152 fontes,
1343 2085 1416 2133 non
1439 2065 1552 2135 solum
1576 2066 1752 2161 propriam
1777 2075 2026 2139 concernentes

401 2161 544 2258 stirpem
562 2161 624 2237 sed
641 2164 769 2236 multas
780 2164 856 2260 jam
874 2165 1063 2238 exstinctas
1078 2163 1242 2252 snmilius,
1267 2186 1312 2235 ne
1328 2162 1471 2236 minima
1486 2162 1627 2258 quidem
1645 2189 1691 2238 ex
1706 2175 1807 2262 parte
1824 2166 2025 2239 exhaustos.

400 2259 601 2351 Auxilium,
626 2287 696 2358 quo
713 2264 791 2335 hinc
808 2261 919 2358 adjuti
935 2288 1074 2354 sumus,
1097 2262 1200 2334 nimis
1224 2271 1279 2335 est
1303 2264 1419 2358 magni
1445 2265 1630 2353 momenti,
1655 2291 1762 2361 quam
1778 2262 1872 2361 quod
1890 2266 2025 2338 silentio

400 2359 502 2432 nobis
518 2362 708 2457 praeterire
723 2363 834 2450 liceat,
851 2365 921 2434 imo
938 2362 983 2434 ab
1000 2362 1162 2435 omnibus
1177 2362 1302 2434 merito
1319 2360 1574 2434 celebrandum.
1623 2362 1760 2438 Illustre
1776 2366 1843 2437 hoc
1861 2365 2026 2462 exeplum

402 2458 568 2532 excitabit
597 2461 745 2534 fortasse
774 2462 878 2542 alios,
909 2469 949 2533 ut
973 2461 1058 2533 illud
1082 2460 1147 2534 sibi
1170 2459 1376 2532 imitandum
1401 2470 1560 2550 sumant,
1591 2471 1627 2534 et
1646 2473 1743 2535 certo
1765 2465 1922 2536 maxima
1943 2487 2026 2559 pars

401 2583 517 2631 rerum
548 2569 727 2656 gestarum
761 2559 989 2633 illustrabitur
1021 2559 1274 2649 monumentis,
1313 2583 1404 2656 quae
1431 2561 1577 2634 forsitan
1610 2562 1768 2659 neglecta
1801 2571 2025 2660 putrescunt,

401 2658 534 2756 abjecta
550 2658 597 2732 ad
613 2658 868 2733 corrodendum
885 2684 907 2732 a
922 2660 1040 2734 blattis
1059 2670 1095 2734 et
1111 2660 1221 2733 tineis.

505 2757 674 2833 Volentes
697 2761 787 2834 bene
803 2762 929 2834 mereri
945 2759 1111 2834 derebus
1126 2761 1234 2858 gestis
1250 2761 1360 2832 nostri
1375 2759 1513 2856 populi,
1537 2771 1728 2857 nostroque
1744 2762 1856 2835 officio
1876 2762 2028 2836 functuri

403 2857 545 2932 edendis
569 2860 724 2935 fontibus
750 2861 896 2958 ignotis,
924 2862 1032 2934 secuti
1058 2885 1180 2936 sumus
1205 2858 1427 2934 celeberrima
1452 2883 1560 2956 opera
1580 2860 1646 2936 bae
1671 2861 1771 2937 dere
1787 2863 1823 2934 in
1840 2857 2028 2936 Germania

403 2957 505 3032 edita
565 2955 657 3048 Quid
674 2962 967 3058 praestiterimus,
992 2961 1057 3034 viri
1074 2960 1278 3050 doctissimi,
1303 2982 1411 3055 penes
1436 2983 1525 3056 quos
1550 2971 1604 3034 est
1627 2963 1693 3036 hac
1718 2961 1763 3037 dc
1787 2987 1827 3037 re
1846 2961 2026 3060 judicium,

402 3055 608 3150 decernent,
635 3063 693 3157 qui
718 3071 837 3134 tamen
854 3059 897 3134 de
914 3073 1035 3134 nostro
1058 3059 1173 3134 studio
1199 3059 1408 3134 sententiam
1431 3062 1582 3135 serentes
1607 3064 1716 3136 velint
1740 3087 1914 3137 memores
1940 3087 2026 3154 esse,

403 3159 439 3228 in
456 3158 655 3256 hujusmodi
678 3161 856 3234 laboribus
882 3159 1124 3259 suscipiendis,
1150 3187 1230 3234 cum
1246 3161 1402 3259 plurimis
1419 3161 1672 3259 impedimentis
1690 3162 1922 3237 dimicandum
1940 3189 2026 3238 esse.

555 3461 696 3520 veturiae,
714 3461 739 3512 d.
758 3463 788 3510 lt
806 3463 895 3510 mensis
911 3461 1013 3524 signu
1030 3475 1052 3510 n.
1072 3463 1143 3510 1846.
