4788 5926
1127 696 1274 808 -ne
1331 702 1384 786 -'

435 946 725 1053 Stotiopolicze,
745 943 926 1035 Subowo,
949 941 1148 1037 Sr'rontino,
1170 935 1369 1048 Zotcseyc(
1377 929 1428 1046 ⁸),
1460 936 1496 1020 in
1517 932 1694 1054 hospitali
1715 932 1765 1020 de
1788 934 2063 1047 Czurwyenstu

436 1089 510 1177 que
532 1057 654 1144 omnia
676 1055 832 1173 pacifice
852 1053 1050 1171 possident
1070 1067 1107 1138 ot
1129 1055 1264 1172 quiete.
1316 1053 1439 1153 Sane,
1471 1053 1559 1170 quia
1580 1051 1738 1169 predicti
1761 1051 1892 1141 Abbas
1913 1066 1951 1138 et
1971 1083 2064 1140 con-

434 1190 570 1263 ventus
585 1175 656 1260 sub
671 1173 846 1292 regulari
856 1173 982 1260 babitu
1002 1173 1117 1260 vitam
1137 1201 1244 1258 suam
1265 1169 1449 1258 ducentes
1469 1182 1507 1257 et
1526 1169 1649 1258 laudis
1670 1171 1892 1259 sacrificium
1914 1169 2065 1258 domino

435 1293 704 1380 commutantes
736 1291 784 1399 (v.
814 1286 1087 1406 ymmolantes),
1119 1319 1194 1379 non
1225 1318 1296 1406 pro
1328 1289 1383 1376 eis
1404 1289 1683 1394 tantummodo,
1715 1287 1783 1374 sed
1816 1289 2064 1406 proeliorum

420 1410 554 1504 ‚eciam
584 1407 848 1525 redempcione
879 1409 1138 1525 peccaminum
1168 1406 1322 1496 domino
1353 1405 1427 1494 deo
1448 1405 1604 1494 fundant
1628 1406 1829 1494 oraciones
1860 1420 1898 1493 et
1917 1433 2065 1524 preces,
2207 1465 2212 1477 ·

293 1615 294 1620 i
434 1561 480 1614 ac
502 1527 551 1614 ad
574 1529 740 1644 ipsorum
761 1524 1033 1614 accedentibus
1054 1524 1225 1624 domum,
1250 1527 1372 1614 omnia
1395 1526 1561 1612 caritatis
1583 1523 1751 1612 subsidia
1772 1539 1809 1612 et
1830 1524 2066 1612 humanitatis

434 1647 576 1732 solacia
610 1660 771 1760 erogent
801 1644 1001 1731 liberaliter
1032 1657 1069 1731 et
1098 1642 1272 1761 libenter,
1314 1644 1406 1759 ipsis
1437 1642 1579 1730 Abbati
1610 1659 1646 1730 et
1675 1642 1852 1740 tratribus
1884 1642 2066 1728 debemus

435 1793 534 1866 nos,
572 1764 607 1896 in
630 1762 764 1896 quibus
786 1762 956 1878 expedit,
1001 1793 1150 1848 manum
1185 1763 1385 1895 porrigere
1418 1762 1540 1878 auxilij
1578 1762 1775 1868 salutaris;
1809 1775 1846 1848 et
1864 1791 1913 1846 ne
1932 1758 2066 1892 aliqui,

434 1882 497 1998 qui
518 1910 691 1998 recipere
711 1909 885 1968 ruvamen
919 1881 1067 1968 nomine
1088 1880 1226 1966 domim
1246 1911 1323 1966 non
1345 1878 1562 1984 formidant,
1609 1881 1715 1995 ipsus'
1737 1878 1930 1966 maliciose
1951 1905 2067 1994 rmpe-
2189 1875 2193 1887 ’

435 2012 532 2102 tant,
565 2011 603 2084 et
621 2027 737 2111 snper
757 1998 887 2102 bonis,
925 2024 998 2110 que
1019 2000 1113 2086 iuste
1133 1999 1193 2085 vel
1214 1996 1430 2114 possident,
1462 1995 1524 2084 vel
1545 1995 1824 2085 debenteciam
1855 1993 2066 2111 possidere,

434 2115 652 2218 molestent,
684 2115 842 2202 eosdem
862 2132 994 2202 contra
1015 2118 1276 2204 malefactores
1301 2145 1369 2202 seu
1389 2115 1655 2233 inquietatores
1686 2143 1815 2203 eorum
1847 2113 2068 2230 opportunis

436 2234 629 2350 suffragijs
647 2234 859 2341 contovere.
896 2232 1034 2322 Vestre
1055 2236 1180 2352 itaque
1199 2233 1444 2352 providencie
1465 2233 1706 2337 comittimus,
1727 2248 1764 2320 et
1785 2261 1859 2365 que
1881 2232 2068 2348 fungimur
2205 2243 2212 2256 '

436 2353 656 2438 auctoritate
677 2352 916 2456 mandamus,
942 2367 1127 2471 quatenus
1148 2352 1307 2470 provide
1327 2351 1581 2457 attendentes,
1604 2348 1706 2468 quod
1722 2380 1912 2468 gemrnum
1928 2350 2068 2435 bonurn
2177 2447 2187 2464 „

435 2470 532 2588 agit,
553 2470 704 2580 gemina
724 2469 836 2556 laude
857 2469 1023 2588 dignum,
1045 2473 1109 2589 qui
1129 2485 1251 2557 tuetur
1271 2501 1294 2556 a
1315 2471 1528 2586 potentibus
1550 2465 1783 2585 impotentes
1804 2483 1840 2552 et
1856 2470 2068 2582 opprimere

435 2586 645 2672 uolentibus
686 2588 898 2680 facultatem
938 2589 1096 2703 subripit
1138 2587 1393 2702 delinquendi,
1434 2587 1629 2702 sepedicto
1660 2585 1799 2672 Abbati
1828 2600 1866 2672 et
1893 2583 2068 2670 fratribus

436 2703 663 2788 detensionis
683 2702 850 2815 presidio
872 2705 1101 2810 assistentes,
1123 2732 1199 2789 non
1214 2703 1433 2818 permittatis
1449 2704 1603 2791 eosdem
1620 2717 1752 2789 contra
1768 2701 1906 2788 indulta
1923 2702 2067 2836 privile-

437 2820 583 2936 giorum
606 2819 814 2936 apostolice
835 2817 937 2906 sedis
959 2835 996 2908 et
1014 2819 1245 2940 Legatorum
1267 2821 1400 2936 ipsius,
1426 2852 1540 2938 super
1561 2821 1752 2938 premissis
1774 2821 1997 2939 quibuslibet
2017 2818 2079 2921 ab¹

437 2937 620 3054 aliquibus'
640 2935 802 3022 indebite
823 2937 1031 3046 molestari3
1064 2940 1324 3026 molestatores
1346 2939 1574 3042 huiusmodi,
1597 2941 1665 3024 nisi
1687 2954 1774 3055 post
1794 2951 2067 3055 competentem

335 3155 344 3166 ¹
438 3057 750 3140 ammonicionem
781 3057 1005 3172 resipiscere
1027 3059 1336 3174 procuraverint,
1368 3058 1770 3144 excommunicacionis
1790 3056 1937 3143 uinculo
1959 3059 2066 3142 inno-

439 3171 545 3258 detis
570 3171 687 3283 ond
705 3175 737 3260 si
753 3205 826 3260 non
843 3173 954 3263 ambo
970 3204 1040 3292 pro
1057 3175 1126 3291 hijs
1143 3203 1212 3260 exc
1243 3175 1373 3262 nendis
1383 3178 1575 3290 potueritis
1591 3175 1651 3262 vel
1666 3176 1856 3262 volueritis
1872 3176 2064 3274 interesse,

441 3290 536 3374 alter
565 3305 730 3376 vestrum
761 3290 905 3378 habens
969 3323 1010 3376 re
1032 3294 1151 3379 oculis
1188 3209 1307 3379 solum
1330 3292 1465 3398 deum,
1512 3323 1557 3381 ea
1580 3295 1713 3412 exequi
1754 3323 1828 3379 non
1850 3307 2062 3408 postponat
2100 3373 2102 3378 .

440 3405 580 3494 Datum
602 3408 637 3494 in
662 3413 920 3522 Czurwyenslc,
940 3323 1014 3498 llll
1032 3409 1141 3497 Ydus
1163 3411 1194 3498 F
1196 3411 1371 3527 februarij
1384 3478 1392 3516 ,
1425 3407 1670 3500 Pontificatus
1692 3411 1828 3498 domini
1849 3409 2064 3524 lnnocencij

441 3525 548 3642 Pape
569 3528 691 3642 quarti
711 3558 811 3616 anno
833 3529 1059 3641 undecimo(
1087 3531 1111 3642 l.

441 3772 563 3845 uomina
586 3795 672 3840 more
687 3775 766 3840 illius
781 3777 864 3856 aeri,
890 3800 927 3844 ex
942 3779 1081 3863 polonico
1102 3782 1131 3846 io
1147 3761 1272 3860 latinum
1288 3805 1373 3850 verse
1389 3792 1474 3856 sunt:
1496 3782 1646 3930 siquidem
1660 3802 1766 3930 passer
1780 3780 1907 3866 (wrobel
1924 3775 2067 3859 potonis),

335 3941 341 3948 ι
440 3859 540 3927 villam
572 3859 732 3924 Wrdilewo
755 3861 914 3958 parochiae
939 3863 1199 3948 Radzprninensis,
1223 3868 1414 3950 falconarius
1435 3869 1536 3954 (Solo
1551 3869 1599 3932 nik
1623 3867 1764 3948 Poenis)
1789 3867 1886 3932 vitlem
1913 3861 2070 3930 Solotuilri

440 3944 601 4031 parochiae
616 3945 880 4024 Baboszorrcnsis,
903 3946 1104 4012 Glomczeneis
1119 3959 1240 4027 entem,
1262 3953 1360 4018 uillam
1378 3953 1541 4039 Gtuuczyn
1555 3951 1716 4035 parochiae
1732 3949 1971 4035 llobytnioensis,
1993 3946 2066 4012 mibi

440 4028 587 4096 denotare
601 4029 728 4105 videtum
743 4051 822 4115 quae
837 4052 931 4118 quum
949 4033 978 4096 in
991 4032 1153 4117 archetypo
1169 4034 1323 4102 Gtowcn'n
1336 4038 1447 4124 scripta
1462 4045 1553 4116 esset,
1574 4037 1697 4103 verbum
1714 4033 1772 4102 hoc
1787 4036 1902 4100 inscitia
1916 4042 1948 4098 et
1962 4052 2069 4100 errore

440 4113 553 4177 librarii
569 4115 702 4178 tabulam
719 4115 926 4195 describentis,
943 4117 1107 4201 proverbe
1123 4117 1283 4185 Glomezutr
1296 4123 1338 4186 sic
1354 4123 1537 4208 compendio
1553 4123 1719 4202 scripturae
1734 4129 1858 4186 exarato
1875 4119 2021 4192 habitum,
2036 4123 2069 4184 et

294 4281 301 4294 ι
441 4195 481 4261 ad
495 4196 712 4272 falconarium,
733 4221 770 4264 ac
782 4201 806 4266 si
823 4223 953 4288 persona
967 4211 1065 4281 esset,
1087 4203 1215 4270 relatum
1231 4227 1298 4276 csse
1314 4215 1398 4290 puto.
1434 4209 1511 4274 Sunt
1532 4215 1633 4274 autern
1657 4225 1764 4290 reapse
1786 4205 1872 4270 vittae
1895 4201 2069 4288 praedictae

447 4277 629 4377 Wr‘lllssfw,
652 4283 809 4377 Sokotniki
828 4294 858 4352 et
880 4287 1059 4374 Gtowezyu,
1085 4296 1117 4354 et
1138 4289 1200 4356 sibi
1218 4291 1357 4371 invicem,
1380 4300 1411 4358 et
1432 4293 1541 4360 ceteris
1563 4290 1775 4378 suprascriptis
1799 4289 1875 4356 vittis
1900 4287 2069 4372 proximae,

440 4363 753 4431 Plocensrs'terntorii
770 4378 801 4432 et
814 4374 954 4454 regionis.
1165 4407 1171 4422 ·

391 4543 394 4550 Δ
510 4536 515 4549 Ι
542 4451 583 4536 (⁸)
620 4450 758 4547 tt'ykouo
769 4453 837 4550 uitta
849 4455 1007 4538 parochiae
1016 4455 1207 4541 Slupnensis,
1221 4458 1689 4547 Wyezoprddbodioperoebiale
1700 4458 1846 4544 oppidum
1859 4455 1896 4522 ed
1907 4456 2068 4532 Vistulum,

440 4535 596 4632 metmeo
612 4534 678 4600 villa
696 4535 855 4624 pprochrae
870 4539 1287 4627 Czervinscensis,d1eczentir
1302 4545 1462 4633 parochiae
1477 4545 1685 4629 Zegrobensis,
1700 4543 1873 4628 Kumimicc
1888 4539 2072 4626 parochialis

441 4619 708 4706 rrlta,Ztotopoliee
737 4619 875 4686 arochiae
887 4623 1134 4704 Kamienicensis,
1146 4632 1274 4696 thown
1284 4630 1442 4716 parochiae
1452 4631 1747 4704 Dzietrtarzoriensis,
1760 4630 1898 4694 Ztromin
1907 4624 2070 4708 parochiae

441 4702 691 4802 Kamienicensis,
705 4641 821 4804 latent
835 4707 935 4805 forsan
952 4707 992 4805 id,
1015 4712 1096 4794 quod
1112 4713 1312 4782 Drobinensis
1328 4724 1375 4780 est
1389 4713 1565 4801 parochiam
1580 4715 1681 4780 onmia
1696 4723 1799 4782 eutem
1813 4712 1890 4780 baec
1905 4712 1985 4778 bone
1999 4710 2070 4775 Plo·

441 4809 541 4856 census
555 4798 626 4854 sunt
641 4799 782 4859 territoru
798 4799 829 4858 et
843 4813 981 4876 regionis.

543 4871 586 4956 (⁹)
615 4875 810 4944 Innocentius
820 4879 960 4964 PapelV.
972 4878 1020 4956 dio
1029 4877 1159 4946 eusanii
1172 4903 1251 4950 euno
1263 4884 1607 4966 metumientem·
1620 4882 1796 4952 Decembris
1805 4903 1885 4953 eune
1896 4881 1979 4948 125⁴
1987 4878 2079 4952 obiit,
