4778 5952
985 645 1261 766 ..app-

251 933 257 940 ·
308 925 406 1000 me,
429 893 633 984 Witbobno
653 901 689 997 [l
706 893 897 996 Witellno]
914 892 962 979 de
980 897 1143 980 Okuhbc
1161 891 1337 979 Generali
1353 890 1611 978 Procuratore
1627 889 1772 978 Terrae
1787 906 1941 980 nostrae

291 1014 638 1118 Sandontiriensis,
659 1029 696 1100 et
716 1012 959 1100 Gniewossio
981 1010 1032 1097 de
1051 1015 1264 1098 Scmn'elow
1280 1010 1451 1128 tuditibus
1467 1009 1625 1114 nostr'me
1646 1009 1806 1124 ulijsqne
1820 1006 1941 1100 moltis
1996 987 2025 1102 l
2053 1007 2055 1012 ’

308 1134 451 1222 noobis
477 1130 650 1220 lldelibus
677 1130 752 1218 fide
777 1129 914 1249 dignis.
964 1127 1104 1218 Datum
1125 1159 1194 1245 per
1213 1157 1346 1216 manus
1366 1125 1593 1218 venerabilis
1613 1124 1809 1230 Zaklioue,
1840 1126 1940 1214 Cun-
2080 1168 2082 1176 v

310 1243 450 1368 dollerij
473 1249 583 1338 aulae
604 1264 779 1354 nostrae,
796 1246 919 1335 lidelis
939 1245 1063 1336 dilecti
1084 1262 1155 1334 eto.

1030 1643 1226 1762 oxum

392 1921 464 2004 lm
491 1915 706 2041 oppido
733 1845 1050 2022 moocaence,
1076 1935 1231 2002 ammo
1257 1911 1402 2008 1391
1428 1879 1583 2012 (114
1608 1882 1677 1998 m.
1703 1911 1866 2013 sulit.

383 2116 695 2192 Wlfltssfllfluu
708 2117 778 2191 Rex
791 2107 936 2190 volontas
947 2115 1073 2216 poldon
1087 2115 1171 2204 Lym
1185 2115 1285 2205 Dm,
1301 2117 1430 2208 ejusque
1443 2103 1595 2187 fratribus
1606 2113 1714 2188 'mm
1727 2115 1831 2206 ΗΘΜ
1845 2117 1877 2189 pn

352 2236 355 2242 '
780 2220 928 2326 obsoleto
940 2218 1185 2309 musmonem
1200 2219 1476 2304 attentorum).
1521 2237 1523 2240 ·
1618 2239 1623 2248 ·
1910 2240 1915 2251 -

410 2446 513 2532 1537.
555 2441 596 2528 ln
626 2445 775 2529 nomine
803 2441 963 2547 domini,
994 2469 1114 2528 amen.
1164 2441 1227 2527 Ad
1250 2455 1471 2558 perpetuam
1496 2443 1552 2527 rei
1578 2443 1806 2528 memoriam.
1858 2440 1944 2530 Nos

312 2559 580 2681 Sigismundus
601 2558 663 2644 dei
681 2561 805 2677 gratia
824 2555 913 2646 Rex
934 2573 1005 2645 etc.
1045 2559 1313 2676 significamus
1333 2573 1466 2646 tenore
1488 2571 1558 2645 eto.
1597 2557 1704 2670 Quia
1724 2559 1946 2649 constitutus

293 2708 442 2766 coram
462 2677 573 2765 nobis
593 2676 844 2812 personaliter
873 2673 1019 2762 Nobilis
1044 2677 1216 2764 loannes
1237 2676 1431 2792 Holinslrj,
1462 2705 1532 2763 suo
1554 2689 1592 2760 et
1611 2675 1947 2763 aliorum'cob‘ere·

309 2796 398 2884 dum
420 2825 572 2906 suorum
595 2825 632 2886 m
647 2792 734 2880 villa
755 2801 871 2880 Hobb
885 2795 1121 2881 existentium
1138 2794 1358 2901 nominibus,
1380 2795 1541 2881 interris
1562 2793 1705 2888 Russie
1723 2809 1761 2881 et
1776 2785 1945 2882 districtu

309 2908 597 3002 Zidaozouiensi
628 2912 866 3016 consistenti,
904 2911 1066 2998 exhibuit
1095 2913 1339 3031 priuilegium
1362 2913 1636 3027 infrascriptum
1672 2912 1745 2998 sub
1773 2908 1876 2997 titulo
1908 2925 1946 3002 et

139 3069 143 3078 ¹
233 3087 238 3099 =
310 3023 436 3150 sigillo
476 3057 647 3146 appenso
689 3030 775 3116 olim
817 3029 1025 3115 clarissime
1061 3032 1238 3116 memorie
1274 3029 1347 3115 diui
1389 3027 1575 3141 Vladislai
1614 3028 1738 3146 Regis
1774 3027 1944 3137 Polonio,

309 3141 598 3268 predecessoris
635 3149 752 3234 nostri
782 3144 1089 3234 desideratissimi
1121 3160 1352 3253 ema'natum,
1390 3161 1427 3232 et
1457 3175 1505 3234 ex
1534 3145 1708 3232 idiomate
1737 3147 1945 3253 ruthenico,

309 3292 386 3382 quo
417 3277 499 3351 erat
528 3263 778 3380 descriptum,
810 3266 846 3351 in
877 3265 1030 3350 latinum
1061 3291 1232 3366 versum,
1264 3261 1511 3382 supplicando
1542 3263 1652 3350 nobis
1682 3288 1753 3379 per
1783 3264 1945 3351 medium

309 3397 499 3469 nemorum
520 3383 816 3470 consiliariorum
838 3397 1052 3471 nostrorum
1081 3381 1279 3487 humiliter,
1312 3397 1352 3468 ut
1370 3381 1446 3470 hoo
1466 3384 1587 3499 ipsum
1608 3381 1841 3500 priuilegium
1864 3385 1943 3498 jam

307 3501 458 3586 nimium
479 3513 686 3603 vetustum,
718 3517 755 3587 et
781 3529 806 3585 a
826 3501 1014 3586 vermibus
1035 3499 1270 3618 aliquatenus
1292 3529 1490 3588 corrosum
1511 3502 1714 3606 innovare,
1745 3499 1944 3616 oprobare,
2077 3598 2081 3614 Ι

308 3615 536 3703 confirmare
558 3633 596 3703 et
615 3617 814 3721 ratificare,
835 3615 883 3704 de
904 3617 1134 3736 benignitate
1156 3632 1285 3704 nostra
1305 3618 1412 3736 ¹regia
1436 3616 1690 3735 dignaremur.
1724 3615 1842 3734 Cujus
1863 3615 1946 3733 qui·

308 3733 601 3854 dem’priuilegii
624 3748 733 3820 tenor
753 3735 920 3852 sequitur
940 3748 1055 3822 otest
1075 3734 1178 3821 talis:
1685 3757 1689 3766 ’
1833 3769 1835 3776 ·

338 3889 341 3899 ·
410 3855 508 3940 root.
551 3853 763 3941 lorromine
782 3852 923 3939 domini
943 3853 1037 3941 lesu
1059 3852 1218 3957 Christi,
1250 3852 1410 3968 Spiritus
1431 3852 1562 3940 Sancti
1582 3883 1702 3941 amen.
1732 3852 1816 3944 Nos
1833 3852 1944 3940 Wla»

307 3967 454 4058 dislaus
476 3969 538 4056 dei
559 3968 681 4091 gratia
702 3968 792 4058 Rex
811 3970 990 4076 Polemio,
1017 3969 1178 4077 Russie,
1206 3969 1377 4058 Litranie
1396 3969 1495 4077 Dux,
1518 3985 1555 4057 et
1574 3972 1728 4058 aliarum
1750 3972 1943 4058 multarum

305 4101 493 4176 terrarum
529 4089 714 4176 dominus.
755 4087 1035 4207 ‘Significamus
1071 4102 1203 4176 tenore
1240 4090 1467 4206 presentium
1503 4089 1687 4176 universis
1719 4105 1756 4176 et
1785 4089 1945 4207 singulis
2036 4182 2040 4189 ,

355 4203 545 4291 esentibm
581 4220 620 4290 et
649 4206 800 4310 tubunis,
832 4207 964 4292 barum
994 4206 1158 4292 notitiam
1181 4207 1370 4294 babituris
1402 4203 1461 4292 vel
1491 4203 1692 4293 audituris:
1740 4205 1842 4320 Quia
1872 4223 1946 4294 nos

334 4321 434 4408 abita
468 4321 615 4410 ratione
644 4320 809 4409 fidelium
839 4323 1086 4410 seruitiorum⁴
1105 4326 1210 4432 [ἤθη
1240 4323 1363 4440 Dijak'
1383 4338 1420 4408 et
1447 4324 1529 4437 ejus
1561 4321 1735 4431 tratrem,
1767 4341 1840 4442 qu'e
1863 4327 1944 4442 lam

304 4437 452 4562 pridem
475 4439 584 4528 nobis
605 4437 763 4526 fideliter
779 4438 1020 4554 impendebat
1040 4454 1077 4526 et
1092 4438 1281 4552 impendit,
1303 4441 1336 4526 ei
1357 4440 1469 4558 igilur
1489 4455 1526 4527 et
1545 4441 1625 4558 ejus
1642 4433 1944 4546 successoribus

305 4570 349 4642 ut
369 4585 416 4660 eo
437 4556 547 4644 nobis
568 4561 606 4644 et
625 4556 768 4654 nostris
789 4556 1078 4648 successoribus
1099 4556 1301 4686 obligatior
1321 4559 1403 4666 sit,
1418 4555 1589 4677 dedimus
1620 4574 1657 4648 et
1684 4562 1943 4650 concessimus
1981 4661 1984 4678 ι

318 4757 322 4766 ’
409 4804 452 4888 (¹)
480 4803 601 4872 urum
614 4803 746 4873 uteret
761 4805 859 4892 unni
874 4805 956 4872 arao
969 4805 1022 4874 nro
1036 4805 1114 4876 mv.
1129 4825 1157 4891 p.
1174 4803 1246 4873 mo.
1733 4909 1767 4965 sc
