4778 5952
995 769 1040 786 -
1091 729 1166 804 roe
1222 771 1267 784 -
1962 799 1970 856 q

310 946 460 1036 nostra,
491 933 597 1050 ipsos
617 932 797 1050 prosequi
817 932 950 1049 gracia
971 933 1136 1050 speciali,
1156 931 1280 1019 omnia
1300 948 1337 1020 et
1357 930 1506 1048 singola
1527 932 1807 1049 ipsorumjura,
1827 900 2019 1052 libert-sq

311 1063 416 1153 tates,
437 1049 645 1168 priuilegia,
668 1080 740 1167 que
756 1064 925 1166 ternpore
940 1049 1273 1139 serenissimorum
1288 1051 1494 1168 principum
1512 1048 1746 1137 dominorum
1767 1051 1938 1154 Cazimiri

161 1263 170 1274 ‚
309 1167 382 1272 avi,
403 1195 475 1254 nec
495 1196 571 1254 non
591 1165 775 1285 Lcdovicj
796 1166 977 1288 genitoris
998 1159 1167 1286 Ungarie
1188 1183 1225 1254 et
1246 1168 1405 1255 Polonie
1429 1183 1499 1256 etc.
1533 1164 1697 1286 Regum,
1719 1165 1938 1256 dilectorum
1987 1178 1992 1210 ”

309 1297 536 1390 nostrorum,
557 1283 777 1388 habuerunt,
798 1284 1074 1388 confirmamus,
1096 1283 1324 1374 ratificamus
1346 1299 1383 1372 et
1397 1298 1528 1372 tenore
1544 1286 1780 1400 presencium
1797 1316 1937 1403 appro-

309 1400 454 1506 bamus,
477 1402 518 1488 in
535 1399 707 1490 omnibus
729 1394 874 1520 ponciis
896 1415 933 1490 et
952 1403 1117 1491 articulis
1139 1417 1320 1519 perpetuo
1341 1393 1523 1510 uaiiiura5
1552 1391 1813 1520 attfftntgenies²
1835 1404 1937 1522 quod

242 1575 247 1584 -
309 1519 396 1606 ordii
417 1519 604 1611 hominum
625 1520 850 1626 incivitate,
882 1520 1049 1610 velante
1070 1521 1257 1610 civitatem
1285 1526 1585 1634 Lamberpemcm
1631 1519 1937 1634 redictarez'uiia

270 1679 274 1687 ·
309 1633 459 1724 ornnino
481 1631 675 1742 violencia,
697 1668 766 1755 per
787 1633 997 1756 quempiam
1018 1629 1292 1756 quoquomodo
1308 1627 1425 1726 debet
1440 1629 1531 1741 fieri,
1553 1551 1787 1725 ueiinierri.'
1815 1638 1935 1727 Volu-

186 1787 190 1798 ·
308 1784 391 1841 mus
414 1754 544 1860 eciam,
565 1767 605 1840 ot
625 1755 756 1841 civitas
776 1770 905 1842 nostra
925 1763 1202 1869 Lanterpenris
1220 1755 1400 1871 predicta,
1422 1756 1458 1842 in
1473 1756 1552 1843 suis
1567 1756 1675 1842 metis
1696 1769 1734 1842 et
1753 1755 1936 1862 limitibus
1978 1809 1983 1818 ·

308 1885 420 1989 prout
440 1873 477 1962 in
496 1872 612 1962 iiteris
632 1884 671 1958 et
690 1871 896 1992 privilegijs
915 1874 1033 1992 ipsios
1053 1873 1198 1990 plenius
1219 1874 1475 1990 conscriptum·
1495 1871 1712 1978 continetur,
1734 1873 1936 1966 incoucm·

308 2018 351 2078 sa
372 1989 509 2078 debeat
538 2019 784 2109 permanere3
812 1993 908 2080 etsi
934 1991 1071 2108 aliquid
1099 1990 1269 2108 predicte
1298 1991 1437 2082 ciuitati
1466 2005 1532 2077 aut
1561 1988 1728 2096 civibus,
1755 1990 1951 2115 rotenses
2085 2010 2096 2028 ·

307 2106 537 2198 abstractum
554 2109 700 2213 existat,
720 2107 1139 2215 saracenatorum,
1156 2108 1498 2213 restituivclumus,
1517 2137 1589 2226 que
1605 2122 1730 2199 tamen
1744 2110 1781 2198 io
1795 2111 1941 2212 nostrist
1968 2163 1998 2228 s

307 2226 478 2316 manibus
499 2227 717 2316 retinemus
761 2226 944 2314 Preterea
963 2226 1155 2332 colurnus,
1187 2241 1228 2313 ut
1247 2226 1372 2317 omnia
1391 2240 1429 2314 et
1447 2221 1598 2343 singola
1620 2224 1793 2316 thelonea
1814 2241 1854 2314 et
1871 2229 1967 2332 trias,

306 2342 415 2448 brito,
442 2358 705 2460 postmortem
726 2344 966 2436 Serenissimi
984 2345 1163 2460 principis
1182 2342 1321 2434 domiui
1341 2341 1540 2448 Kamuiri,
1557 2343 1620 2458 pie
1639 2339 1828 2450 memorie,
1848 2345 1940 2436 oiim
2011 2404 2017 2453 r

306 2457 433 2579 Regis
451 2460 627 2565 Poluuie,
657 2460 720 2548 avi
739 2462 857 2551 nostri
877 2461 1082 2565 carissimi,
1109 2459 1330 2548 indebite-et
1348 2462 1469 2548 minua
1483 2460 1606 2578 justa,
1637 2485 1705 2574 per
1725 2463 1941 2579 quempiam
1998 2467 2015 2572 ἓ

307 2591 466 2682 statuta,
496 2579 647 2667 omniuo
667 2591 705 2666 et
726 2579 885 2668 totaliter
905 2577 1152 2693 deponantur.
1177 2578 1412 2678 ·Statoimus
1430 2579 1594 2694 insuper,
1616 2575 1940 2696 quoddeposicio
1979 2560 2017 2687 fi

306 2693 398 2784 salis
419 2711 457 2783 et
477 2695 638 2786 murium
659 2696 956 2784 mer‘canciarum
975 2696 1011 2782 in
1032 2694 1182 2782 civitate
1200 2706 1331 2782 nostra
1351 2699 1611 2805 tantopore·
1626 2709 1834 2808 prenotata,
1854 2697 1966 2800 iore]

306 2810 421 2908 debet
441 2828 480 2904 ct
497 2839 736 2930 permanere3
764 2841 837 2900 nec
856 2841 934 2902 non
952 2837 1022 2931 per
1042 2837 1174 2900 omues
1195 2823 1234 2900 et
1253 2811 1424 2931 singulos
1444 2825 1676 2900 mercatores
1696 2825 1735 2900 et
1753 2811 2003 2926 homineqiw
2115 2879 2118 2886 .
2150 2893 2159 2908 ,

305 2929 356 3018 ab
371 2929 545 3020 undecun
575 2959 622 3016 ue
639 2930 844 3034 venientes,
868 2961 952 3016 cum
967 2927 1111 3018 eisdem
1126 2955 1203 3017 uon
1217 2928 1314 3034 alibi,
1335 2929 1405 3016 uisi
1424 2929 1461 3016 in
1477 2929 1624 3016 civitate
1638 2943 1781 3033 nostra,
1802 2953 1941 3046 perpe·

305 3046 380 3133 tuis
409 2962 642 3163 temporiius
670 3046 942 3134 inviolabiliter·
958 3048 1075 3134 teneri
1106 3061 1143 3132 et
1171 3047 1385 3152 obscurari,
1416 3046 1531 3134 veluti
1550 3045 1617 3133 fuit
1636 3045 1867 3161 temporinos
1885 3047 1942 3138 ab
1998 3073 2003 3103 ³

305 3165 469 3282 antiquis
487 3179 626 3252 tentum
647 3178 687 3252 et
704 3177 907 3269 seruatum
925 3193 1001 3252 neo
1019 3163 1137 3250 eciam
1158 3163 1296 3281 aliquis
1313 3162 1518 3253 eorundem
1538 3176 1788 3251 mercatorum
1803 3163 1935 3255 iocou-
1971 3171 2010 3268 „f

305 3298 438 3398 suetas
465 3297 502 3372 et
521 3281 723 3371 indirectas
743 3282 825 3368 vias
845 3296 884 3368 et
902 3282 1104 3386 transitos,¹
1129 3280 1190 3370 uel
1210 3280 1348 3370 audeat
1366 3281 1613 3399 pertransire,
1639 3293 1704 3368 aut
1723 3273 1968 3396 depositum
2024 3363 2030 3378 ,

304 3399 435 3490 iacere
453 3399 658 3490 eorundem
680 3397 774 3512 (sic),
793 3412 1030 3516 preterquam
1051 3399 1088 3484 in
1108 3397 1208 3486 dicte
1227 3399 1386 3487 civitatis
1403 3396 1579 3514 deposito
1591 3397 1763 3514 generali
1777 3397 1936 3486 easdem
2010 3378 2038 3499 ,i

230 3597 234 3604 ,
306 3517 485 3634 deponat·
538 3518 803 3606 Promittentes
839 3532 972 3604 tenore
1004 3517 1239 3632 presencium
1275 3514 1483 3619 mediante,
1520 3542 1654 3600 omues
1688 3525 1725 3600 et
1761 3500 2010 3635 singrdosjs

304 3633 529 3738 Ruthooos,
555 3634 757 3740 Armenes,
779 3632 938 3738 Judeos,
958 3633 1177 3722 Sarum
1197 3647 1234 3720 et
1254 3629 1453 3750 quemlibet
1471 3659 1614 3736 eorum,
1634 3631 1671 3718 in
1691 3631 1771 3718 suis
1785 3630 1934 3748 juribus

306 3779 548 3848 conseruare.
577 3747 796 3870 inquorum
818 3751 980 3840 omnium
999 3747 1268 3869 premissorum
1284 3748 1441 3838 euidens
1456 3747 1714 3856 testimouium,
1735 3763 1937 3867 presentes
2061 3848 2068 3856 .

305 3869 434 3972 literas
451 3869 565 3960 suini
584 3869 760 3977 fecimus,
787 3869 980 3988 nostrique
999 3868 1235 3988 appensione
1253 3867 1364 3988 sigilii
1384 3867 1612 3960 communiri.
1664 3867 1803 3954 Actum
1827 3872 1932 3952 lam-

306 3995 424 4100 durpev
439 3988 535 4078 iouia
550 3987 723 4105 proxima
743 3989 857 4077 tercia
878 3999 967 4105 post
984 3986 1207 4076 dominicam
1228 3985 1510 4091 Reminiscere,
1536 4011 1637 4084 auno
1657 3983 1795 4072 domini
1815 3982 1932 4072 mtte-

306 4105 401 4193 sinro
421 4107 672 4194 tricentesimo
689 4106 926 4224 octogesimo
942 4120 1061 4193 sexto.
1090 4104 1229 4191 Datum
1244 4135 1314 4222 per
1329 4135 1460 4191 manus
1475 4100 1699 4190 venerabilis
1715 4100 1931 4216 Kyeczouis

220 4321 223 4326 .
305 4221 496 4338 Prepesiu'
514 4223 659 4315 Sancte
675 4219 799 4312 Murio
818 4224 855 4312 io
875 4223 1022 4312 civitate
1042 4221 1297 4327 damnem,
1318 4236 1356 4311 et
1375 4219 1596 4336 Canceliarij
1616 4217 1702 4308 auio
1722 4231 1861 4308 nosue
