4870 5948
1102 744 1349 816 ..33-

413 956 505 1058 bus,
539 964 716 1070 quantum
741 950 907 1066 ipsorum
927 944 1063 1033 ibidem
1084 943 1194 1032 durat
1213 941 1408 1043 allodium,
1441 941 1629 1030 sciliceta
1648 943 1722 1030 ine
1742 960 1923 1032 metarum
1942 948 2039 1052 ville,
2166 1031 2171 1040 .

415 1102 489 1192 que
514 1074 650 1182 Campo
666 1065 722 1179 (²)
745 1066 887 1172 dicitur,
909 1063 1099 1176 usquead
1125 1064 1234 1150 finem
1256 1075 1437 1148 metarum
1468 1061 1517 1147 de
1535 1067 1753 1174 Bcldrycou
1774 1067 2040 1181 perpetualiter

413 1187 631 1306 possidere,
676 1199 714 1270 ut
746 1216 793 1270 ex
822 1185 897 1271 hoc
925 1183 1106 1272 memoria
1134 1182 1207 1266 mei
1246 1182 1283 1266 in
1313 1179 1542 1266 orationibus
1582 1181 1757 1268 ethonis
1787 1183 2039 1297 spiritualibus

413 1305 640 1424 frequentius
670 1303 871 1389 habeatur:
917 1315 955 1388 et.
985 1316 1024 1387 ut
1052 1299 1127 1386 hoo
1155 1300 1192 1384 in
1221 1313 1415 1414 posterum
1448 1313 1598 1385 maneat
1627 1298 1856 1402 inviolabile,
1909 1329 2039 1388 coram

413 1422 617 1512 baronibus
633 1422 725 1508 meis
747 1420 963 1507 confirmavi
984 1435 1021 1505 et
1041 1417 1151 1535 sigilli
1171 1418 1244 1502 mei
1265 1416 1461 1502 munimine
1476 1416 1667 1503 roboravi.
1687 1416 1810 1534 Hujus
1826 1417 2040 1506 donationis

335 1535 351 1588 ’ἰ
413 1555 452 1627 σι
481 1540 685 1627 elemosine
706 1552 821 1626 testes
843 1553 937 1642 sunt,
959 1538 1021 1654 qui
1041 1549 1238 1652 presentes
1250 1535 1422 1620 luerunt:
1459 1534 1759 1654 Suguegnercus
1781 1535 1862 1644 (sic)
1884 1535 2038 1622 'Suboc-

226 1715 230 1724 -
271 1681 283 1734 ⁶·
330 1680 343 1723 ’ἰ
413 1659 613 1762 merarius,
652 1657 774 1743 Fulco
793 1655 975 1760 Venator,
1015 1654 1253 1742 Venceslaus
1277 1653 1450 1770 Signifer,
1492 1652 1754 1772 Drogorgnius
1785 1653 2037 1757 Subvenalor,

413 1777 611 1892 Brcsopas
644 1759 881 1891 Subdepifer,
922 1773 1117 1864 lebannes
1146 1773 1241 1858 iilius
1271 1769 1490 1874 MiculoniS‚
1535 1771 1672 1858 Petrus
1702 1773 1797 1857 filius
1830 1771 2037 1887 Gyrzycrai

415 1893 515 2000 (εἰσ),
551 1892 759 1979 Mirozlaus
789 1893 949 1980 clericus
979 1893 1092 1977 curie.
1138 1891 1179 1976 si
1208 1890 1291 2006 quis
1319 1918 1413 1975 vero
1445 1888 1593 1976 stimulo
1616 1889 1785 1977 Sethone
1816 1890 2036 1996 concitatus,

416 2024 549 2098 contre
564 2011 798 2127 privilegium
815 2010 913 2096 istud
929 2039 1048 2129 agere
1066 2010 1263 2128 quicquam
1280 2008 1570 2124 presumpserit,
1591 2008 1836 2094 anathematis
1853 2001 2038 2094 sententia

416 2159 465 2212 ex
495 2144 602 2244 parte
623 2131 783 2222 omnium
813 2127 974 2213 fidelium
1000 2125 1263 2244 perpetualiter
1284 2139 1321 2210 et
1350 2124 1707 2240 condempnabiliter
1735 2125 1896 2210 feriatur.
1936 2124 2036 2210 Acta

416 2259 503 2331 sunt
522 2245 594 2330 hec
623 2246 659 2330 in
680 2253 850 2346 Petrcou,
887 2274 987 2331 anno
1018 2247 1140 2362 gratie
1170 2241 1474 2330 nlccxxxtlr.
1516 2243 1720 2329 indictione
1747 2237 1840 2326 XVl
1870 2241 1952 2353 (sic)
1969 2238 2035 2352 (³),

413 2360 562 2479 Epacta
582 2361 673 2468 Vll,
706 2378 954 2450 concurrente
973 2362 1021 2446 V.
1850 2363 1854 2368 '

456 2694 464 2708 .
514 2609 553 2694 (²)
583 2609 671 2676 Goni.
692 2611 827 2676 tabulam
854 2609 908 2676 Νω
933 2610 977 2674 lv
999 2629 1090 2695 supra
1116 2609 1316 2695 descriptam,
1345 2609 1434 2694 eique
1456 2607 1588 2694 adjectos
1610 2608 1821 2674 annotationes
1843 2615 1981 2694 quartam
2004 2615 2036 2672 et
2118 2683 2126 2698 ·

413 2702 558 2870 quintepp).
583 2777 735 2842 Numerus
751 2775 929 2842 indictionis
944 2777 1100 2842 Romanae
1115 2779 1225 2852 XVl¹¹⁸,
1240 2777 1358 2843 nonnisi
1374 2799 1478 2843 errore
1493 2777 1610 2843 scribae
1624 2777 1665 2842 ita
1678 2775 1831 2873 riesiguari
1846 2775 1954 2862 potuit,
1968 2775 2062 2860 loco·-

413 2863 475 2928 Vlu
492 2862 708 2946 competentis:
730 2863 913 2944 Epactarum
929 2869 1032 2928 autem
1048 2863 1328 2940 Vll¹¹³,.secundum
1343 2864 1546 2930 recentiorem
1561 2861 1775 2950 Dyooisranam
1789 2863 1938 2928 rationem
1953 2881 2035 2926 eom-

413 2946 538 3032 prendi
554 2945 677 3031 positus,
693 2954 724 3012 et
738 2945 954 3014 concurrentis
969 2967 1112 3016 numerus
1126 2956 1208 3016 recte
1223 2947 1371 3016 indicatus
1387 2955 1441 3016 est

1051 3601 1212 3686 Anno
1238 3597 1401 3685 12³³.

495 3799 880 3872 mensunusum
901 3798 1026 3872 omni
1040 3799 1110 3870 ou
1123 3747 1268 3873 roiano
1282 3801 1406 3896 norm
1420 3799 1516 3872 urio
1530 3761 1699 3892 emaci:
1714 3802 1755 3874 u
1769 3777 1950 3876 crineum·

497 3900 747 3976 nocturnum
767 3901 928 3973 tckucuse
941 3899 1107 3990 pertinenti
1119 3902 1201 3995 jum
1221 3903 1402 3974 mertun
1425 3903 1596 3976 mmsis
1611 3905 1803 3996 ponemus
1817 3907 1949 3992 omn,

604 4001 862 4093 sunanegam
877 4001 1022 4093 aliosque
1038 4001 1206 4075 uernum
1219 4004 1356 4076 arbonis
1371 4005 1510 4078 eirenes
1524 4005 1637 4080 itidem
1652 4007 1847 4098 regnora
1979 4035 1983 4040 ·

974 4104 1180 4196 patrocinium
1194 4123 1284 4177 suun
1298 4105 1473 4196 nobilib.
2049 4117 2061 4128 ”

512 4320 606 4444 †ln
623 4299 771 4410 nomine
788 4344 917 4415 sancte
933 4344 971 4416 et
985 4327 1175 4420 individue
1191 4331 1371 4418 trinitatis.
1402 4329 1492 4450 Ego
1512 4330 1772 4420 Wlorlizlavus
1787 4332 1882 4417 iilius
1898 4330 2033 4446 dominj
2097 4437 2100 4442 1

413 4441 561 4532 Odonis
592 4441 679 4530 Dux
709 4443 962 4550 Gneznensis‚
998 4447 1169 4536 fidelibus
1207 4447 1343 4536 Christi
1375 4452 1411 4536 in
1443 4465 1673 4572 perpetuum.
1735 4447 1929 4536 Universis
1960 4463 2033 4536 tam

514 4711 551 4794 (¹)
581 4714 628 4776 Ex
642 4713 745 4778 tabula
761 4711 932 4778 authentica
947 4699 1127 4798 pergamena
1143 4714 1310 4781 doctissimi
1324 4715 1447 4800 losephi
1463 4715 1665 4782 Muozlrovscii
1682 4715 1890 4782 Gracovieosis
1903 4715 2034 4798 Jrgello·

413 4793 498 4894 nicae
523 4793 732 4862 Universitatis
754 4797 944 4894 ΙΡτοίσεσσίἰε
968 4797 1100 4895 propriu.
1142 4799 1260 4883 sigillo,
1289 4821 1369 4898 qupe
1390 4801 1446 4866 trin
1470 4819 1606 4898 appenso·
1627 4801 1720 4868 fuisse
1740 4801 1890 4872 foramina
1912 4799 2035 4866 cbartrc

412 4881 556 4957 iudicant,
571 4877 692 4954 desunt;
708 4901 797 4947 unius
812 4889 929 4948 tuntum
945 4882 1096 4948 biniculus
1112 4891 1209 4950 exstat
1222 4885 1396 4952 subseneus
1410 4886 1497 4950 ruber
1512 4887 1631 4951 colons.
