4800 5942
1129 738 1174 752 -
1227 698 1304 772 340
1359 733 1404 754 -··

446 907 521 994 boc
551 905 679 1023 ipsum‘
697 905 762 1019 jus
792 900 1065 1003 theutonicum,
1099 898 1135 986 in
1167 898 1342 986 omnibus
1370 892 1458 986 suis
1479 897 1647 1014 punctis,
1678 897 1874 1005 clausulis,
1906 902 2081 1008 articulis,

445 1015 658 1137 sententijS,
689 1018 859 1136 capitulis
890 1031 928 1102 et
958 1015 1232 1105 conditionibus
1262 1015 1429 1132 postulat
1458 1030 1495 1102 et
1524 1015 1689 1126 requirit
1744 1013 1926 1105 Preterea
1955 1020 2080 1106 lorum
2186 1055 2194 1062 “

278 1200 281 1210 ·
345 1157 352 1228 t
496 1140 579 1226 nale
606 1167 678 1242 seu
709 1134 977 1241 nundinarum,
995 1135 1067 1222 'bis
1092 1135 1267 1221 manno:
1299 1133 1457 1250 primum
1478 1130 1652 1222 videlicet
1669 1135 1706 1219 in
1727 1149 1862 1222 octava
1895 1135 2079 1252 Corporis

447 1256 606 1361 Christi,
637 1269 674 1340 et
694 1252 795 1341 aliud
825 1283 895 1370 pro
925 1253 1022 1339 leste
1053 1251 1183 1340 Sancti
1214 1249 1247 1336 F
1250 1251 1431 1358 rancisci3
1464 1250 1707 1367 septimanale
1729 1280 1819 1343 vero
1839 1253 1943 1369 lerijs
1962 1253 2078 1368 tertiis
2122 1323 2141 1354 .

432 1369 604 1493 'singulis
625 1373 745 1477 annis,
764 1371 814 1458 ab
836 1367 1008 1458 omnibus
1028 1386 1065 1456 et
1085 1368 1242 1488 singulis
1258 1366 1543 1470 mercatoribus,
1562 1367 1791 1473 vectoribus,
1812 1383 1849 1456 et
1868 1371 2079 1485 cujuscum-

444 1519 520 1605 que
548 1506 688 1594 status,
725 1487 967 1589 conditioniS,
999 1517 1133 1590 sexus,
1164 1485 1224 1574 vel
1255 1483 1401 1602 gradm
1431 1485 1662 1592 bominibus,
1693 1487 1730 1574 in
1760 1487 1933 1576 omnibus
1964 1488 2077 1578 rebus
2135 1541 2143 1548 -

443 1612 702 1728 cujuscunque
762 1608 886 1694 eneris
917 1602 976 1692 vel
1007 1605 1148 1720 speciei
1176 1605 1329 1709 luerint,
1365 1602 1579 1709 statuimus,
1609 1602 1805 1696 indicimus
1836 1619 1873 1692 et
1893 1606 2079 1723 ponimus,
2139 1618 2145 1628 “

443 1727 590 1840 absque
645 1637 816 1840 rejuditio
848 1739 885 1809 et
905 1724 1128 1842 manamine
1156 1719 1311 1806 aliarum
1342 1736 1561 1826 nostrarum·
1588 1721 1776 1808 ciuitatum
1804 1735 1842 1810 et
1869 1721 2078 1839 opidorum,

444 1747 697 1935 exercentium
719 1857 755 1928 et
770 1838 970 1930 tenendum
992 1853 1174 1956 perpetuo
1196 1853 1233 1925 et
1251 1839 1288 1926 in
1309 1867 1429 1926 cuum:
1450 1836 1711 1942 decernentes,
1732 1838 1846 1949 quod,
1866 1833 2079 1952 quicunque

444 1964 637 2063 homines,
667 1959 717 2047 ad
739 1958 876 2046 dictum
895 1957 1050 2074 opidum
1072 1961 1247 2056 Robrica,
1278 1985 1363 2045 oum
1384 1956 1499 2045 rebus
1519 1957 1620 2059 suis,
1639 1955 1826 2046 vendendi
1846 1971 1912 2044 aut
1931 1955 2077 2050 emendi

443 2081 569 2199 gratia
589 2078 823 2166 accesserint
838 2089 885 2183 'et
905 2076 1093 2178 venerint,
1124 2075 1325 2162 securitate
1356 2087 1485 2162 nostra
1517 2087 1555 2160 et
1574 2089 1790 2162 nostrorum
1808 2103 2077 2166 successorum

443 2197 631 2314 plenaria,
663 2196 699 2280 in
723 2192 946 2282 accedendo
966 2207 1004 2280 et
1023 2189 1238 2280 recedendo
1258 2193 1446 2309 potiantur
1465 2205 1503 2278 et
1520 2189 1735 2311 gaudeant:
1762 2193 1835 2281 nisi
1864 2192 1963 2282 tales
1991 2193 2077 2294 sint,

445 2343 543 2432 quos
558 2314 647 2429 jura
667 2342 744 2399 non
760 2325 917 2415 tuentur,
938 2325 975 2396 et
996 2309 1131 2428 quibus
1152 2309 1283 2397 meritc
1304 2308 1380 2396 lide
1400 2307 1599 2428 dignorum
1618 2311 1812 2400 consortia
1828 2309 2077 2430 denegantur.

443 2433 645 2522 Postremo
662 2428 893 2516 honorabilis
913 2414 1056 2514 lllatbie
1072 2425 1120 2513 da
1136 2431 1384 2528 Storotcmzo,
1406 2422 1584 2516 Rectoris
1600 2425 1763 2516 ecclesie
1779 2428 2078 2545 parrochialisiu

295 2601 301 2604 -
444 2554 611 2647 Bobrlco,
630 2557 670 2633 et
683 2541 827 2650 Notarii
848 2545 967 2631 Terre
988 2542 1215 2648 Halitiensis,
1235 2542 1356 2632 fidelis
1371 2545 1487 2632 nostri
1503 2542 1627 2632 dilecti
1641 2547 1857 2638 narratione
1872 2544 2083 2664 didicimus·
2203 2545 2206 2555 ’

444 2695 530 2754 eum
546 2691 616 2779 pro
632 2660 779 2748 tuendis
794 2660 956 2748 ecclesie
971 2690 1040 2746 sue
1049 2660 1209 2777 juribus,
1231 2675 1305 2780 que
1324 2662 1360 2748 in
1376 2662 1574 2778 priuilegio
1589 2660 1764 2750 aduocati
1780 2661 1915 2750 ibidem
1931 2662 2078 2778 specia-

443 2782 528 2868 liter
544 2781 633 2872 ''sunt
654 2776 844 2894 descripta
865 2793 902 2864 ot
922 2806 1125 2894 expresse,
1145 2778 1228 2893 ipsa
1248 2779 1444 2896 priuilegia
1465 2778 1663 2866 aduocatio
1683 2779 1898 2896 plerumque
1919 2776 2078 2894 contigit

337 2897 528 3090 wic)
544 2895 756 3015 quesiuisse
773 2909 809 2981 et
824 2893 1074 2982 mendicasse.
1106 2892 1166 2982 Ne
1180 2896 1292 3011 igitur
1303 2896 1357 2996 ¹ob
1373 2895 1578 2984 alienorum
1594 2895 1871 3012 priuilegiorum
1886 2892 2077 2982 mendica·

411 3025 415 3041 '‘
442 3017 599 3117 donem,
631 3027 836 3102 memorata
856 3011 1018 3122 ecclesia
1039 3013 1075 3098 in
1096 3014 1175 3100 suis
1195 3013 1401 3102 introitibus
1422 3013 1670 3119 fraudaretur3
1695 3008 1782 3130 jura
1802 3011 1985 3130 ejusdem,
2004 3037 2079 3128 que

442 3134 481 3221 in
503 3130 590 3217 dicti
611 3128 809 3235 aduocati,
844 3160 892 3218 ac
913 3161 981 3218 sue
1002 3129 1202 3218 aduocatio
1232 3132 1269 3218 in
1300 3138 1457 3243 Robrica
1476 3131 1681 3250 priuilegiis
1701 3145 1788 3219 sunt
1807 3129 2079 3247 expressa,in
2167 3208 2176 3226 ,
2285 3127 2289 3138 '
2386 3223 2388 3260 Λ

444 3249 681 3364 presentibus
711 3246 925 3366 designari,
962 3261 999 3334 et
1029 3249 1229 3336 transsumi
1259 3249 1460 3366 spetialiter
1489 3247 1676 3336 volumus.
1736 3247 1919 3366 lurpriruis
1954 3247 2077 3364 igilur,

378 3435 391 3442 -
445 3363 678 3568 privdepium
713 3363 941 3456 antedictum
977 3365 1170 3452 continere
1205 3363 1420 3454 videbatur:
1442 3363 1653 3485 ¹quomodo
1689 3395 1760 3482 pro
1797 3367 1881 3481 ipsa
1914 3362 2080 3458 ccclesia

444 3511 585 3600 parroc
612 3481 689 3584 iali,
721 3497 761 3568 et
778 3485 861 3599 ejus
880 3482 1109 3587 rectoribus,
1137 3480 1215 3570 duo
1235 3483 1344 3588 lanei,
1365 3513 1437 3572 neo
1457 3513 1533 3571 non
1554 3495 1670 3587 ortus,
1691 3496 1730 3570 et
1748 3512 1842 3572 arou
1869 3511 1939 3598 pro
1962 3479 2078 3568 domo

444 3601 549 3686 liberi
570 3599 809 3686 ascribuntur
828 3616 866 3686 et
886 3599 1082 3688 donantur.
1134 3599 1214 3690 Pro
1235 3599 1383 3688 decima
1403 3629 1516 3706 varo,
1547 3600 1596 3688 de
1617 3629 1693 3688 uno
1712 3601 1859 3688 fertone
1879 3595 2079 3716 polonicali

329 3746 331 3750 ’
444 3715 571 3804 statuit
600 3717 721 3830 ip'sum
751 3717 984 3834 priuilegium
1015 3716 1262 3834 responderij.
1312 3718 1406 3807 ltem
1426 3717 1613 3810 decernit:
1644 3716 1747 3833 quod
1782 3715 1973 3820 lllissalia,
2008 3743 2078 3802 seu

326 3889 339 3921 ,,
443 3861 613 3935 annone,
645 3829 738 3918 alias
767 3838 941 3918 Macetae
960 3831 1011 3918 de
1031 3833 1197 3950 quolibet
1215 3835 1327 3925 laneo
1348 3865 1553 3951 possesso,
1580 3863 1649 3954 per
1670 3833 1897 3924 aduocatum
1917 3847 1955 3920 et
1974 3861 2076 3918 ome-

232 3976 249 4057 ε..
278 3995 299 4044 a
444 3964 575 4051 tcneS,
606 3977 675 4065 per
696 3963 1000 4080 unum)runcum
1022 3951 1197 4068 siliginis,
1228 3964 1265 4040 et
1285 3983 1355 4069 per
1379 3951 1755 4056 secundumaucoo,
1787 3980 1857 4042 nec
1876 3977 1954 4043 nou
1974 3947 2076 4039 datio
2191 3987 2196 3996 ¹

249 4060 319 4186 f,
444 4095 512 4154 seu
524 4063 781 4190 pdlumbatio,
798 4063 862 4154 da
882 4065 1046 4183 quelibet
1065 4095 1216 4173 menso,
1241 4070 1349 4183 juxta
1371 4068 1473 4188 quod
1501 4070 1539 4158 in
1558 4069 1642 4184 alijs
1662 4067 1868 4157 civitatibus
1897 4067 1935 4153 in
1955 4065 2078 4154 Terra
2099 4099 2102 4102 ·

323 4215 377 4322 f
415 4221 420 4229 ·
443 4181 586 4282 Russie
617 4183 780 4286 situatiS,
812 4183 909 4272 solui
929 4183 1038 4271 solita
1059 4195 1166 4289 sunt,
1197 4214 1266 4301 per
1287 4186 1431 4275 incolas
1452 4184 1608 4304 predicti
1629 4184 1749 4303 opidi,
1778 4184 2009 4282 ¹etuillarum
2028 4181 2078 4273 ad

321 4325 327 4340 “
351 4323 364 4372 t
444 4301 567 4416 ipsum
587 4301 866 4414 pertinentium,
896 4331 982 4388 cum
1004 4301 1125 4390 electu
1147 4302 1229 4415 (sic)
1250 4302 1531 4420 quomodolibet
1549 4303 1790 4406 exclusam,
1822 4302 1929 4389 saluo
1953 4315 2077 4414 tamen

443 4413 718 4506 consuetudine
737 4418 773 4505 in
790 4417 924 4507 talibus
943 4419 1127 4506 hactenus
1143 4418 1361 4508 obseruata.
1392 4419 1550 4528 Harum,
1571 4420 1706 4540 quibus
1726 4419 1888 4537 sigillum
1907 4431 2079 4512 nostrum

444 4533 682 4649 presentibus
702 4547 762 4622 est
781 4533 1087 4651 subappcnsum,
1109 4538 1319 4626 testimonio
1346 4538 1545 4626 literarum.
1600 4538 1738 4629 Actum
1756 4540 1961 4636 ,Graccum
1988 4533 2080 4622 laria

445 4666 552 4738 sexta
573 4663 661 4740 ante
686 4649 936 4739 Pentecostes
956 4653 1147 4768 proriam,
1165 4683 1278 4742 anno
1299 4652 1438 4744 domini
1459 4655 1652 4744 millesimo
1673 4654 1760 4773 quin
1792 4654 1976 4740 entesimn
1997 4649 2079 4762 (sic)

445 4769 688 4884 sexagesimo
709 4797 822 4858 nono.
873 4767 1119 4858 Presentibus
1139 4769 1352 4888 reuereudo
1373 4773 1409 4859 in
1430 4769 1581 4862 Gluisto
1601 4786 1726 4892 patre:
1850 4772 1858 4788 '
1885 4797 1909 4860 c
1932 4768 2080 4862 loanna
