4778 5952
1006 695 1280 832 ..noa-'-

324 963 449 1065 couie,
485 957 745 1063 Saudomirie,
761 1001 764 1012 ·
782 957 950 1065 Sirarlie,
984 956 1183 1065 lancicie,
1225 961 1410 1075 Cuyauie,
1452 961 1698 1066 Pomeranio,
1739 962 1956 1080 Russieque

323 1079 495 1168 domnus
516 1092 553 1166 et
572 1079 704 1180 bores,
736 1075 904 1166 strenuis
918 1092 956 1164 et
974 1078 1160 1166 nobilibus
1189 1076 1375 1168 Militibus·
1388 1077 1567 1167 dominis:
1598 1078 1774 1186 Jacobo,
1798 1080 1956 1171 Valtero

322 1212 361 1284 ot
378 1195 637 1318 Hennigoca
670 1198 942 1309 Guoterrterq,
972 1198 1112 1284 nostris
1141 1195 1314 1284 fidelibus
1346 1210 1383 1283 et
1403 1200 1569 1316 ipsorum
1591 1196 1691 1283 veris
1713 1214 1750 1284 et
1768 1199 1804 1284 le
1834 1200 1956 1288 ittimis

322 1307 615 1436 successoribus
643 1314 681 1399 in
709 1312 747 1400 R
801 1344 850 1401 no
877 1328 1008 1402 nostro
1034 1315 1199 1402 Polonie
1228 1319 1392 1428 Vyssoko
1414 1345 1497 1402 cum
1517 1314 1614 1402 villis
1636 1345 1703 1402 seu
1725 1227 1887 1432 pretiis,
1918 1331 1956 1404 et

314 1432 494 1522 'omnibus
514 1433 768 1549 attinenoijsa
817 1431 978 1520 eandem
997 1433 1263 1550 spectantibus,
1289 1434 1601 1551 etsuperssuitate
1622 1463 1814 1520 nemorum
1836 1464 1956 1551 usque
2012 1441 2016 1453 '

321 1549 373 1638 ad
393 1552 518 1638 locum
537 1551 599 1638 ubi
619 1551 755 1643 llurius
779 1555 914 1653 Clodo,
935 1552 1144 1669 appellatur
1165 1555 1201 1639 in
1222 1552 1358 1669 wlgari
1387 1559 1500 1666 Votoy
1522 1567 1557 1640 et
1579 1549 1628 1637 de
1648 1551 1709 1640 illo
1730 1551 1816 1638 loco
1840 1557 1955 1666 Votoy

322 1667 464 1756 directe
481 1699 548 1788 per
563 1684 683 1772 metas
699 1671 955 1789 inbascriptas
971 1670 1126 1757 scilicet
1147 1673 1182 1757 in
1207 1677 1399 1782 Qorjczlro,
1421 1670 1457 1757 iu
1477 1676 1642 1771 Lokorw,
1663 1671 1699 1756 in
1721 1675 1954 1771 l’rsloorzdot,

322 1788 358 1874 in
379 1792 565 1888 Sozodre,
596 1787 631 1874 in
652 1793 859 1898 Issoczri’no,
890 1789 927 1875 in
947 1794 1266 1901 Kleporzewloss,
1297 1790 1334 1874 in
1357 1793 1570 1899 Comrjonlc,
1592 1789 1627 1874 in
1648 1794 1954 1898 Poleczmjozom,

321 1906 357 1991 in
378 1911 704 2016 Rodeczm'jozom,
737 1907 772 1993 in
794 1912 1050 2016 Ptoczrj'ozom,
1073 1906 1214 1994 directe
1235 1909 1270 1994 in
1287 1908 1434 1993 ooooite
1457 1906 1539 2018 (sic)
1560 1904 1751 2025 usquead
1772 1907 1954 2023 prelatum

320 2021 471 2110 lluuium
496 2026 636 2124 Choda,
667 2024 803 2111 damus
824 2039 860 2110 et
881 2025 1107 2112 conferimus
1129 2055 1214 2110 cum
1236 2024 1408 2113 omnibus
1430 2024 1664 2126 utilitatibus,
1700 2023 1954 2111 solucionibu's

321 2151 359 2226 et
379 2138 568 2257 seruicijs,
593 2171 667 2258 que
688 2170 788 2228 nuno
808 2154 894 2228 sunt
915 2156 952 2227 et
972 2170 1156 2260 processu
1179 2143 1358 2259 temporis
1379 2155 1540 2258 possunt
1561 2141 1708 2229 exoriri.
1766 2141 1953 2229 Concedi-

321 2287 404 2345 mus
434 2258 563 2348 eciam,
585 2257 727 2345 eistlom
757 2271 796 2344 et
824 2259 1004 2374 ipsorum
1023 2259 1214 2376 legittimis'
1244 2260 1532 2346 successoribus
1563 2259 1710 2376 plenam
1736 2259 1954 2362 libertatem,

214 2418 219 2424 ·
321 2375 552 2464 municiones
587 2374 646 2464 vel
680 2373 920 2462 firmaciones
958 2403 1204 2493 quascunque
1245 2374 1422 2461 edificare
1462 2391 1500 2462 et
1529 2390 1750 2462 construere
1781 2378 1816 2462 in
1845 2375 1955 2463 bonis

205 2587 209 2594 ,
321 2494 527 2580 nominatis
564 2493 744 2581 Preterea
765 2493 947 2598 volumus,
970 2508 1008 2580 ut
1028 2491 1198 2610 ampliori
1220 2508 1349 2580 nostra
1369 2494 1502 2610 gracia
1519 2507 1668 2579 utantur
1688 2491 1818 2609 prelati
1838 2491 1956 2579 laco·

320 2611 409 2716 bus,
440 2610 620 2712 Vulteius
651 2625 688 2697 et
717 2609 938 2728 Hennigus‚
969 2639 1055 2696 cum
1087 2608 1230 2696 eisdem
1259 2612 1360 2698 veris
1388 2624 1425 2695 et
1445 2609 1632 2725 legittimis
1654 2610 1955 2717 successoribus

319 2742 494 2816 anostro
515 2723 743 2840 ser-uicto(2)
766 2729 839 2813 sint
859 2727 1007 2844 penitus
1029 2727 1133 2814 liberi
1153 2727 1321 2832 etsoluti
1344 2727 1393 2814 de
1413 2727 1522 2813 bonis
1539 2727 1749 2814 nominatis.
1782 2726 1957 2813 Ceterum

319 2847 503 2953 volumus,
525 2858 565 2931 ut
580 2845 752 2934 omnibus
770 2845 903 2961 lluvijs,
924 2845 1082 2965 stagnis,
1103 2844 1273 2952 lacubus,
1295 2843 1418 2964 lignis,
1440 2844 1568 2962 pratis,
1590 2845 1755 2960 pascuis,
1776 2842 1957 2931 molendi·
2038 2929 2045 2948 ,

316 2967 378 3080 ιυἰε
418 2980 456 3051 et
482 2963 693 3079 hujusmodi
730 2961 909 3052 similibus
948 2963 1178 3082 integraliter
1213 2963 1471 3081 perfruantur,
1511 2976 1624 3080 prout
1659 2963 1712 3050 eis
1753 2974 1789 3047 et
1824 2990 1956 3048 eorum

321 3080 611 3180 successoribus
640 3082 827 3199 legittimis
850 3078 972 3170 utilius
991 3080 1177 3169 videbitur
1197 3079 1387 3197 expedire.
1441 3077 1551 3194 Quas
1574 3079 1721 3199 quidem
1742 3107 1956 3198 prememo-

320 3212 423 3288 ratas
444 3214 597 3286 nostras
613 3197 856 3304 donaciones,
877 3199 974 3286 sicut
995 3228 1019 3285 a
1038 3211 1169 3286 nostra
1191 3211 1228 3285 et
1247 3214 1461 3288 nostrorum
1483 3196 1798 3315 predecessorum
1821 3199 1955 3401 qratia,

320 3319 489 3436 ipsorum
519 3316 818 3434 predecessores
848 3333 884 3406 et
902 3331 1081 3433 parentes
1101 3316 1296 3434 hucusque
1315 3317 1441 3436 longis
1462 3316 1691 3432 temporibus
1712 3317 1819 3433 possi
1848 3332 1955 3404 erunt

320 3435 423 3548 (sic),
453 3434 594 3523 babere
614 3436 803 3542 volumus,
837 3450 876 3523 ut
896 3437 1053 3553 pretacti
1074 3436 1193 3523 nostri
1213 3431 1346 3522 fideles
1368 3447 1405 3520 et
1425 3435 1590 3550 ipsorum
1612 3434 1776 3552 legittimi
1798 3463 1954 3522 succes·

320 3579 431 3642 sores
468 3555 514 3640 im
544 3569 736 3670 erpetuum
766 3551 1015 3672 possidebunt
1043 3552 1136 3664 (sio).
1178 3549 1474 3639 Considerontes
1494 3580 1588 3638 vero
1609 3552 1954 3668 insuperipsorum

320 3669 483 3760 seruicia
502 3583 626 3758 liilelia
648 3686 685 3760 et
704 3670 812 3758 nobis
834 3669 949 3774 utilia,
979 3667 1113 3756 damus
1133 3684 1171 3755 et
1191 3667 1394 3788 elargimur
1414 3667 1464 3754 de
1483 3668 1616 3804 gracia
1638 3682 1767 3754 nostra
1788 3668 1953 3785 speciali,

320 3796 466 3892 maturo
488 3788 879 3876 consilio-nostrorum
900 3786 1075 3876 nobilium
1096 3784 1305 3903 prehabito,
1336 3800 1515 3905 pretactrs
1535 3787 1695 3892 lacobo,
1721 3785 1894 3874 Waltero
1916 3798 1954 3872 et
2058 3783 2060 3790 '

319 3903 510 4028 Hennigo,
531 3920 568 3994 et
588 3907 754 4025 ipsorum
775 3907 962 4026 legittimis
982 3905 1271 3995 successoribus
1293 3908 1371 3993 iura
1392 3907 1629 4041 infrascripta
1645 3905 1827 3992 videlieet·
1850 3901 1951 4023 quod

321 4025 533 4144 quicunque
554 4026 659 4144 ipsos
680 4025 740 4112 vel
761 4055 892 4114 eorum
913 4025 1095 4143 aliquem,
1130 4054 1203 4141 pro
1232 4023 1600 4144 qualibet‘oalummu
1621 4022 1680 4110 vel
1702 4023 1951 4143 qualicunque
1986 4039 2003 4073 ·¹

320 4145 518 4262 questione
549 4143 765 4232 euocauerit
785 4141 835 4230 ad
849 4143 1029 4259 judicium
1051 4158 1239 4249 nostrum,
1275 4143 1448 4230 volumus
1469 4157 1505 4228 et
1525 4141 1720 4228 statuimus
1742 4137 1950 4228 decernen·
1985 4144 1990 4152 ’

320 4276 396 4366 tes,
432 4256 534 4380 quod
564 4258 661 4346 idem
697 4274 878 4368 euocatus
898 4261 1126 4348 mettercius
1154 4262 1370 4377 juramento
1406 4289 1477 4347 suo
1513 4256 1702 4376 corporali
1737 4255 1950 4375 hujusmodi
1999 4283 2016 4315 ²0

319 4375 542 4464 calumniam
564 4374 729 4464 euadere
751 4375 943 4463 tenebitur.
989 4376 1030 4463 Si
1050 4389 1173 4464 autem
1194 4378 1352 4492 noluerit
1366 4377 1580 4492 juramento
1602 4374 1799 4494 corporali,
1827 4388 1867 4461 ut
1887 4405 1949 4460 ex-

319 4521 493 4613 pressum
514 4509 582 4600 est,
602 4493 861 4584 innocencium
882 4523 990 4584 suam
1011 4493 1217 4601 declarare,
1239 4507 1276 4582 et
1291 4526 1313 4582 e
1329 4522 1517 4584 conuerso
1534 4506 1571 4624 et
1587 4493 1668 4606 (sic)
1684 4494 1825 4584 babere
1845 4492 1948 4581 volu-

321 4791 462 4946 Muolll
489 4796 526 4863 ln
540 4796 598 4866 ulio
612 4795 795 4885 exemplem,
816 4795 899 4883 quud
921 4795 952 4863 in
972 4795 1049 4864 libro
1063 4794 1212 4864 Mutrium
1225 4795 1323 4893 llcgui
1337 4793 1392 4863 Nro
1406 4793 1449 4865 84
1464 4813 1492 4880 ρ.
1506 4794 1635 4862 ott-ct
1651 4793 1819 4872 invonitur,
1839 4747 1948 4878 legitur
2005 4869 2023 4894 ι

1745 4977 1780 5036 30
