4800 5942
1096 759 1271 835 -86'5
1326 799 1371 814 -

413 967 497 1084 ipsa
517 964 704 1052 literarum
723 963 897 1080 apicibus
914 955 1230 1068 connumeraret
1248 955 1526 1082 bdedignurum
1540 1023 1544 1032 ·
1556 957 2046 1084 testimoniupeusnnare.

405 1077 582 1172 Proinde
614 1109 687 1169 uos
701 1112 703 1118 ’
717 1079 985 1204 sigismundus
1013 1079 1074 1178 dei
1104 1073 1248 1201 gracia
1267 1081 1435 1200 Magnus
1455 1072 1795 1200 'terrocinensis
1812 1074 2048 1203 Samagitie,

413 1193 692 1318 Terrarumque
710 1197 851 1320 Russie
871 1198 1104 1287 dominus'et
1124 1201 1322 1318 beresletc.
1358 1191 1777 1318 Signilreamustenu're
1796 1205 2048 1323 presencium,

413 1319 607 1424 universis
631 1318 766 1440 quibus
783 1317 948 1437 'expedit
977 1320 1217 1438 presentibus
1247 1332 1285 1406 et
1303 1319 1455 1426 luturis,
1480 1313 1621 1411 barum
1647 1319 1826 1407 noticiam
1857 1319 2046 1410 habituris:

415 1431 628 1552 Quomodo
658 1437 898 1526 revolventes
938 1438 975 1524 in
1011 1437 1157 1544 animo,
1182 1445 1268 1557 ‘qua
1304 1451 1495 1558 quantave
1512 1437 1750 1526 *sinceritatis
1779 1434 1992 1554 allectiunc·
2011 1451 2049 1524 et

345 1620 348 1634 .
413 1557 561 1677 integre
581 1553 669 1643 fidei
690 1549 939 1662 constancia,
961 1552 1100 1642 Prelati
1121 1569 1196 1643 tam
1218 1555 1428 1674 spirituales
1460 1579 1572 1675 quam
1593 1555 1807 1660 seculares,
1839 1555 2047 1675 Principes,

414 1673 610 1780 Berones,
640 1667 798 1778 Milites,
811 1674 1029 1781 Procerus,
1050 1669 1231 1781 Nobiles,
1249 1672 1479 1792 Conciliarij,
1500 1675 1700 1793 ceterique·
1712 1672 1848 1762 subditi
1869 1667 1906 1762 et
1924 1674 2048 1762 incole
2094 1773 2105 1796 ι

408 1791 618 1882 Terrarum
639 1791 772 1911 Magni
792 1787 963 1881 Ducatus
976 1785 1101 1881 nostri
1119 1791 1333 1898 Lithvanie,
1363 1793 1565 1911 personam
1586 1799 1753 1881 nostram
1774 1793 1943 1883 venerati
1963 1807 2050 1880 sunt

414 1927 530 2033 atque
550 1907 768 2016 dilexerunt,
788 1924 829 1998 ut
848 1907 1012 2018 tandem,
1033 1907 1244 1999 decedente
1264 1907 1383 2000 felicis
1400 1905 1580 2000 memorie
1600 1907 2050 2029 Serenissimo‘Principe

415 2046 452 2118 et
472 2029 636 2137 domino,
668 2029 819 2116 domino
839 2027 1193 2148 AlexandroRege
1215 2026 1393 2136 Polonie,
1422 2023 1698 2149 Magno‘Duce
1717 2027 1936 2148 Lithvanie,*
1962 2056 2050 2150 ger-

415 2179 528 2236 mano
559 2147 894 2265 etpredecessore
923 2145 1055 2236 nostro
1086 2149 1304 2250 carissimo,
1335 2177 1406 2234 nus
1435 2142 1613 2266 tanquam
1644 2143 1775 2235 verum
1803 2145 1982 2236 heredem
2012 2162 2050 2236 et

405 2267 632 2387 legittimum
652 2263 927 2370 successorem,
947 2262 1097 2384 ipsis'in
1118 2265 1370 2384 Suppremum
1391 2276 1428 2352 et
1446 2258 1768 2384 Magnumducem
1784 2293 1831 2353 ac
1848 2265 2049 2374 dominum,

416 2382 670 2474 concordibus
691 2385 789 2473 votis
810 2397 848 2470 et
868 2382 1120 2471 voluntatibus
1140 2397 1417 2488 assumserunt,
1449 2377 1662 2502 elegerunt,
1690 2398 1727 2470 ct
1747 2382 2049 2500 sublimaverunt

416 2501 674 2622 Posteaquam
694 2503 704 2588 i
737 2502 825 2622 itur,
857 2499 1049 2589 Altissimo
1071 2501 1268 2621 dirigente,
1288 2502 1384 2590 votis
1405 2495 1621 2589 eorumdem
1645 2500 1880 2590 Prelatomm
1902 2503 2050 2620 spiritu-

416 2621 529 2708 alium
564 2634 601 2705 et
622 2531 868 2726 secularium,
900 2617 1238 2726 Consiliariorum,¹
1259 2635 1296 2707 et
1326 2619 1537 2708 lncularum
1568 2619 1703 2737 Magni
1732 2620 1903 2706 Ducatus
1932 2619 2052 2708 nostri

415 2739 631 2842 Lithvanie,
652 2740 808 2844 avitum,
829 2751 1036 2854 paternum,
1058 2753 1095 2824 et
1115 2738 1316 2824 fraternum
1337 2735 1504 2826 eiusdem
1526 2737 1741 2854 amplissimi
1761 2736 2053 2824 Ducatus‘naoti

417 2889 547 2945 sumus
563 2855 708 2964 solium,
724 2849 1031 2977 supplicaverunt
1045 2855 1155 2945 nobis
1170 2851 1282 2972 ijdem
1297 2854 1450 2962 Prolati,
1468 2854 1692 2971 Consiliarij,
1711 2849 1837 2942 Indole
1853 2869 1891 2942 et
1906 2853 2054 2942 Subditi

417 2977 556 3080 nostri,
587 2973 649 3093 qui
680 2991 809 3063 nostre
839 2974 933 3062 lelici
961 2973 1121 3061 aderant
1146 2969 1423 3081 sublimaeioni,
1455 2974 1640 3093 quatenus
1664 2976 1772 3090 jura,
1803 2973 2053 3067 libertateset

417 3093 624 3216 privilegia,
644 3093 736 3210 ipsis
752 3087 822 3208 per
836 3087 1134 3208 predecessores
1150 3105 1315 3198 nostros,
1339 3091 1509 3211 Magnos
1530 3091 1659 3178 Duces
1678 3089 1881 3194 Lithvanie,
1902 3088 1992 3176 data
2012 3103 2053 3176 et

419 3239 628 3315 concessa,
668 3202 894 3298 confirmare
929 3205 965 3297 et
995 3203 1204 3316 ratificare,
1244 3239 1294 3296 ac
1327 3206 1508 3296 articulos
1543 3209 1802 3342 inlrascriptps
1836 3208 2056 3326 approbare

418 3327 673 3449 dignaremur.
707 3327 879 3442 Quorum
901 3320 1141 3430 articulorum
1161 3323 1270 3415 tenor
1291 3323 1459 3444 sequitur
1478 3327 1580 3413 talis:
1602 3321 1786 3442 lmprimrs
1807 3329 2051 3442 promittimus
2192 3339 2199 3350 '
2287 3422 2293 3434 ,

417 3447 614 3554 Prelatos,
646 3447 876 3564 Principem·
896 3441 1069 3535 doruiuos
1091 3444 1333 3532 Consiliario's
1354 3460 1507 3532 nostros
1531 3438 1827 3562 Magniducatus
1847 3443 2057 3552 Lithvanie,.

418 3563 903 3682 Samagitie,'llussieque,
924 3573 972 3652 a'c
992 3563 1110 3651 eciam
1131 3557 1333 3666 Baiones,
1347 3560 1504 3651 Nobiles
1524 3557 1730 3652 Lithvanos
1747 3575 1789 3680 et
1803 3561 1993 3669 Rutenos,
2014 3563 2052 3650 in

417 3685 585 3802 ipsorum
606 3683 811 3771 bonoribus
833 3698 870 3771 et
889 3675 1132 3803 dignitatibus
1152 3669 1433 3786 nodminuere,
1465 3679 1555 3788 sed,
1587 3676 1795 3766 secundum
1810 3673 2052 3800 'exigenciam

373 3910 375 3915 Ι
418 3800 630 3890 idoneitatis
652 3816 689 3889 et
709 3799 943 3908 meritorum,
964 3797 1207 3920 promovere,
1226 3795 1505 3888 aestumare.
1546 3798 1647 3888 ltem
1669 3793 1793 3885 omnia
1806 3800 1922 3918 jura,¹
1943 3799 2051 3887 liber-

417 3917 534 4028 tates,
566 3917 696 4038 privile
727 3921 783 4025 ia,
814 3920 941 4008 literas
961 3921 1095 4008 latinas
1127 3919 1391 4026 etrutenicas,
1413 3915 1736 4036 immunitatesque
1755 3915 2050 4035 Magnidueatus

418 4037 612 4126 Lithvanie
628 3951 925 4128 ecdesiasticas
960 4055 1003 4127 ‘et
1032 4036 1245 4145 seculares,
1287 4039 1458 4126 ecclesiis
1490 4033 1787 4138 cathedralibus,
1828 4034 2049 4155 collegiatis,
2156 4107 2160 4116 .

419 4157 739 4259 conventualibus,
759 4155 1069 4272 parrochialibus,
1090 4174 1129 4245 et
1149 4156 1339 4276 quibusvis
1352 4155 1480 4241 sucus
1500 4143 1781 4270 pijsqueto'us,
1798 4179 1866 4238 ac
1886 4151 1951 4240 llla
1983 4184 2049 4268 no·-
2243 4257 2248 4267 ¹

419 4273 590 4378 ducatui,
612 4273 780 4359 eiusdem
801 4271 981 4392 Prolatis,
1013 4271 1276 4391 Principibus,
1301 4269 1539 4374 Beronibus,
1569 4265 1786 4390 Nobilibus,
1820 4183 2050 4380 Civitatibus,
2180 4293 2184 4302 '

413 4391 596 4496 Civibus,
616 4389 773 4496 Incolis,
797 4402 838 4496 et
854 4389 1078 4594 guibuslibet
1096 4387 1287 4508 personis,
1308 4391 1585 4505 cuiuscumque
1597 4403 1717 4475 status
1736 4387 1797 4472 vel
1819 4389 2051 4480 condicionis

421 4511 625 4630 existentes
647 4507 739 4620 (sic),
759 4537 839 4713 per
886 4507 968 4597 ivos
988 4501 1461 4630 predecessoresnostros
1482 4503 1690 4623 Principes:
1722 4505 1889 4627 Magnos
1910 4507 2050 4616 Duce's,

414 4641 459 4714 et
479 4639 739 4752 'quoscumque
787 4626 933 4715 ominus
953 4623 1172 4713 et'beredes
1205 4619 1501 4749 Magniducatus
1530 4621 1748 4732 Lithvanie,
1783 4626 1962 4758 precipue
1982 4657 2051 4745 per

419 4743 573 4876 Regem
595 4741 847 4833 Wladisla'um
866 4741 960 4873 alias
979 4751 1125 4859 lupulo
1145 4771 1269 4868 avum
1291 4735 1472 4849 nostrum,
1492 4739 2049 4948 Vitovvdum,Sr[gismundum‚
2075 4721 2089 4732 ⁸
2128 4793 2133 4798 -

420 4859 575 4985 Regem
603 4861 1046 4981 Kazimirumparentem
1068 4875 1256 4971 nostrum,
1289 4878 1327 4949 et
1345 4885 1570 4982 germanum
1587 4875 1756 4958 nostrum
1778 4888 1780 4897 ’
1825 4875 1943 4982 egem
1960 4861 2050 4952 Ale-
