4912 5924
325 2253 330 2258 '
437 2239 571 2330 bimus.

1120 734 1396 808 -284-
1560 799 1564 809 ,

438 939 631 1033 ll'rcltoe
649 941 687 1028 in
707 939 827 1026 Terra
847 949 885 1022 et
904 935 1073 1023 districtu
1094 933 1457 1039 denensi'sitanr,
1477 935 1831 1022 noenun'nnrds
1848 947 2072 1055 grossariim
2101 971 2105 976 ·
2204 933 2208 942 ’

437 1055 750 1184 pragensimn,'in
770 1055 905 1174 quibus
925 1055 1047 1171 ipsam
1068 1051 1208 1144 dudum
1228 1053 1344 1140 tonuit
1363 1082 1386 1139 a
1408 1051 1741 1170 nobisobligatain
1762 1068 1800 1140 et
1821 1049 2072 1175 quadraginta

337 1244 338 1247 κ
438 1193 588 1269 menete
616 1175 822 1264 comuniter
847 1172 1101 1277 decurrentis,
1132 1194 1227 1289 quos
1245 1170 1304 1256 ab
1333 1173 1416 1287 ip'so
1446 1172 1690 1259 effectualiter
1709 1175 1954 1288 accepimus,
1976 1173 2070 1262 obli·

436 1299 612 1418 gauinrus
645 1307 686 1380 et
708 1307 840 1380 tenore
871 1292 1119 1408 presencium
1138 1289 1352 1407 obligamus
1383 1290 1671 1377 cinensibus
1701 1303 1740 1376 et
1764 1290 1924 1409 singulis
1955 1291 2071 1408 ipsium

317 1421 320 1430 ‘
438 1413 668 1518 utilitatibus,
684 1409 892 1518 incursibus,
919 1410 1117 1514 lruetibuS,
1145 1407 1384 1510 molendinis,
1406 1407 1811 1524 prodentibus-stalis
1831 1405 2079 1526 pertinenciis*

309 1564 313 1572 ’
438 1530 489 1620 ad
519 1535 639 1668 ipsam
670 1528 926 1651 spectantibus
947 1529 1026 1643 'per
1055 1527 1176 1642 ipsum
1206 1525 1441 1631 habendam,
1472 1524 1674 1612 tenendam
1704 1525 1828 1642 quiete
1855 1542 1893 1640 et
1913 1527 2072 1644 pacilioo

436 1647 708 1769 possidendam
729 1645 906 1750 tandin*
920 1644 1208 1762 quousqne'sibi
1228 1642 1397 1760 predicte
1415 1659 1565 1730 centurn
1587 1673 1715 1756 meree
1735 1667 1960 1762 grossorum
1981 1675 2070 1760 pra·
2170 1743 2176 1756 ⁸

309 1871 314 1880 .
436 1770 611 1890 gensinus
632 1781 669 1853 et
688 1764 940 1884 quadraginta
960 1776 1111 1850 monete
1130 1759 1374 1867 desistentis,
1395 1767 1557 1879 psr'nos
1575 1761 1806 1850 ndncstacs
1821 1775 2069 1852 subsessores
2147 1813 2181 1834 κ

438 1917 487 1973 ex
507 1887 654 2006 integro
675 1884 810 1968 luserint
828 1881 1032 2000 persoluto.
1070 1878 1219 1992 Qubus
1240 1881 1383 1986 solutis,
1403 1880 1490 1970 uilla
1509 1879 1681 1996 predicta
1699 1877 1750 1966 ad
1763 1907 1843 1968 nos
1864 1896 1902 1968 et
1916 1890 2070 1970 nosnos
2177 1939 2184 1952 ·

437 2029 685 2092 successores
706 1999 858 2086 reddire
877 1999 960 2110 (sic)
981 1998 1134 2086 debebit
1152 1998 1263 2116 pleno
1284 1999 1375 2085 iure.
1410 1998 1477 2085 Sic
1498 1997 1753 2117 eciem‘quod
1770 1996 1931 2086 eandem
1945 1998 2069 2088 villam

341 2190 348 2198 -
437 2122 586 2211 nonnisi
643 2119 780 2235 roprijs
801 2118 969 2236 pecunijs
990 2116 1244 2204 tantummodo
1265 2147 1336 2234 pro
1357 2123 1487 2204 nosue
1507 2117 1735 2205 necessitate
1753 2115 1938 2206 redimere
1957 2115 2069 2228 debe7

610 2151 768 2338 ilerum,
780 2236 925 2354 ¹quibus
945 2234 1108 2354 sigillum
1129 2247 1299 2322 nostrum
1319 2265 1528 2352 appensum
1550 2234 1847 2338 esttestimcnio
1868 2234 2067 2324 literarum.

438 2357 576 2444 Datum
597 2359 633 2443 in
656 2349 841 2444 ¹Coeranon
860 2354 952 2440 leria
974 2354 1100 2471 quinta
1120 2355 1290 2471 proxima
1311 2367 1399 2470 post
1418 2353 1552 2444 festum
1572 2353 1684 2472 beate
1703 2351 1942 2456 Helizebetlr,
1969 2381 2068 2442 amno

436 2474 577 2562 donin
597 2473 792 2561 millesimo
812 2469 1183 2589 quadringentesimo
1204 2499 1306 2560 nono
1328 2484 1398 2558 eto.
1449 2469 1609 2562 Relacid
1630 2470 1768 2560 domini
1787 2468 1934 2560 Nicolai
1954 2469 2069 2560 Vice-

298 2711 303 2716 .
441 2592 667 2684 cancellarii.

1191 2819 1325 2940 CLX.
1346 2869 1349 2880 ·

536 3062 609 3142 ιιι
623 3017 853 3160 ‘ennean
884 3057 1170 3161 atonem,
1197 3076 1354 3143 anno
1379 3056 1528 3144 1410
1556 3047 1609 3142 a:
1634 3005 1713 3141 is
1733 2989 1813 3140 ne¹
1833 3057 1988 3167 orons.

459 3242 772 3318 wladislaus
787 3241 855 3316 nex
868 3241 1023 3331 Polemio,
1037 3242 1325 3324 decemminas
1338 3241 1450 3316 loanni
1464 3244 1503 3317 de
1519 3243 1682 3320 calamna,
1696 3239 1729 3314 in
1742 3239 1820 3316 rllla
1833 3258 1893 3314 m
1906 3243 2041 3311 Meteon

366 3361 371 3368 ·
951 3343 1143 3418 amurca
1158 3343 1561 3430 Gfflrdrndmscrtlitll.

532 3527 777 3633 ‚wladislaus
795 3531 858 3622 dei
877 3535 1010 3653 gracia
1029 3532 1118 3641 Rer
1137 3533 1310 3642 Polonie,
1333 3532 1633 3653 Lythwanieque
1652 3533 1839 3652 Princeps
1853 3533 2069 3740 Supremus

438 3666 476 3742 et
502 3655 614 3741 heres
642 3650 785 3739 Russie
813 3665 883 3738 etc.
933 3651 1201 3771 Signilicamus
1222 3669 1354 3741 tenore
1375 3654 1611 3770 presencium
1643 3652 1776 3770 quibus
1809 3681 1906 3771 expe
1936 3654 1961 3738 it
1990 3655 2068 3741 uni-

338 3805 342 3808 ·
438 3773 560 3860 uersis
588 3767 827 3890 presencium
849 3771 1022 3856 noticiam
1044 3770 1234 3858 habituris.
1287 3769 1496 3884 Quomodo
1511 3768 1750 3859 'aoendentes
1768 3767 1871 3887 felcy
1880 3777 2069 3860 'consten-

407 3955 409 3960 .
438 3892 552 3994 ciam,
583 3888 868 4004 constantisque
888 3885 1075 3975 fidelitatis
1096 3890 1237 3993 merita,
1258 3891 1393 4008 quibus
1413 3887 1558 3977 Nobilis
1577 3887 1772 3978 lohannes
1792 3885 1841 3974 de
1861 3895 2070 4003 Kelynoac
2168 3917 2172 3931 ·

436 4005 560 4114 fidelis
580 4005 1018 4116 nosterdilectusnobis
1039 4007 1276 4126 compleorit,
1298 4005 1461 4098 etauctc
1481 4005 1808 4099 fidelitatisstudio
1825 4007 2069 4126 inposterum

437 4126 672 4244 prestsncius
702 4124 837 4244 poterit
859 4124 1126 4244 'complacere3
1162 4125 1295 4214 horum
1330 4125 1458 4214 intuitu
1496 4122 1708 4212 meritorum
1743 4125 1864 4243 ipsum
1899 4124 2070 4213 volentes

437 4237 650 4333 nostrarum
681 4243 897 4360 graciarum
927 4243 1082 4362 speciali
1112 4243 1355 4366 prerogetiue
1381 4240 1597 4360 prevenire,
1629 4257 1666 4329 et
1685 4239 1735 4328 ad
1756 4250 1887 4330 nostra
1908 4243 2068 4332 seruicia

367 4349 370 4365 '
437 4361 615 4448 continuo
645 4359 819 4454 reddere¹
839 4354 1136 4479 prompcioreni,
1167 4361 1202 4448 in
1225 4375 1262 4447 et
1283 4388 1398 4479 super
1417 4361 1503 4451 villa
1523 4377 1653 4449 nostra
1680 4363 1849 4450 Maezow
1864 4363 1908 4446 'et
1927 4356 2066 4447 allodio

436 4478 642 4578 dinteville
662 4479 699 4566 in
719 4477 887 4571 districtu
908 4479 1109 4568 Kalisieusi
1131 4479 1224 4588 sitis,
1239 4478 1313 4588 ¹sibi
1334 4479 1517 4579 ducentas
1538 4508 1689 4568 remeas
1709 4479 1852 4566 numeri
1872 4491 1911 4566 ct
1925 4477 2068 4597 ponde·

264 4744 270 4756 ,
538 4667 578 4780 (ι)
606 4695 654 4774 m
669 4693 762 4762 nnn
849 4655 1081 4762 ..annnam
1096 4663 1334 4792 sciemur
1348 4695 1636 4780 oscannum
1658 4693 1705 4762 se
1749 4647 2067 4765 rotonensem

436 4788 598 4931 puapetppato.
626 4781 766 4866 Sigillum
800 4787 877 4846 cest.
905 4779 1022 4848 Tabula
1037 4799 1171 4926 prescire
1183 4779 1312 4926 tortassei
1328 4803 1396 4848 een
1408 4781 1451 4932 ob
1465 4779 1706 4918 occursans-quod¹
1729 4781 1810 4936 abita
1825 4780 1954 4865 pecnnia
1968 4779 2068 4848 solute
