4780 5922
1052 768 1326 839 -197-

1111 1082 1267 1200 cxlv.

494 1435 500 1448 ⁸
539 1288 857 1429 madeo,
884 1256 1039 1418 maio
1065 1330 1214 1422 1³48
1240 1263 1334 1418 dte
1358 1331 1438 1420 24
1463 1351 1629 1420 meus.
1655 1337 1836 1444 loun.

372 1530 640 1604 lundam
661 1531 929 1628 uuuopuupu-
944 1533 1135 1609 duamcurir
1148 1535 1358 1627 suporutitor
1371 1536 1452 1610 inter
1463 1535 1655 1610 tlctblauu
1669 1536 1778 1612 duum
1791 1540 2001 1616 taudctcustr

394 1634 428 1704 ot
440 1631 639 1708 [tubunensia
654 1633 812 1708 roam
826 1637 861 1708 ot
874 1636 1063 1712 alumnum
1075 1636 1261 1730 Episcopum
1274 1637 1465 1727 Flaccorum,
1477 1638 1570 1712 villar
1585 1639 1661 1718 not,
1680 1641 1842 1708 Tramoino
1854 1635 1979 1717 italici

913 1736 1068 1829 Episcopo
1083 1737 1225 1812 Honori
1240 1738 1402 1832 adjudicat
1412 1739 1461 1823 (¹).

474 1953 515 2042 ln
536 1959 684 2044 nornine
706 1957 865 2061 domini,
895 1988 1018 2048 amen.
1070 1957 1154 2050 Nos
1173 1960 1391 2064 lar·oslaus,
1423 1961 1546 2048 diuina
1572 1961 1804 2079 prouidentia
1835 1965 2000 2051 Sanctae
2066 2063 2068 2066 ,

371 2075 606 2162 Gnesnensis
645 2073 847 2162 Ecclesiae
878 2076 1211 2194 Arcbiepiscopus.
1267 2077 1408 2166 Notum
1428 2079 1584 2165 lauimus
1606 2081 1790 2168 uniuersis
1817 2095 1892 2168 tam
1912 2112 1999 2198 pre-

372 2188 560 2296 sentibus,
593 2222 704 2313 quam
735 2193 886 2298 futuris,
922 2192 972 2280 ad
1003 2224 1171 2320 quorum·
1192 2197 1365 2282 noticiam
1398 2194 1592 2282 deuenerit
1623 2197 1800 2314 scriptum
1830 2228 1999 2314 presens.

370 2305 498 2422 Quod,
532 2309 617 2397 licet
636 2309 686 2396 ab
702 2310 788 2396 olim
810 2311 904 2397 inter
922 2307 1169 2430 Magnificum
1189 2311 1316 2398 Princi
1346 2342 1405 2397 em
1425 2309 1623 2397 Dominum
1646 2311 1906 2420 wladislaum,
1927 2314 1999 2402 llei

417 2426 491 2512 atia
512 2425 658 2512 Ducem
680 2426 935 2515 Lanciciensis
957 2441 995 2513 et
1017 2343 1343 2516 Dobrzinensis'l

382 2572 441 2627 ern
467 2543 503 2628 in
524 2542 674 2630 Christo
695 2546 847 2632 lratrem
879 2561 1049 2631 nostrum
1079 2543 1279 2630 Dominum
1301 2544 1560 2658 Clementem,
1593 2543 1727 2632 cadem
1755 2549 1879 2664 gratia
1908 2547 1994 2634 Plo
2084 2585 2087 2590 ¹

368 2689 522 2746 censam
541 2655 793 2779 Episcopum,
826 2675 863 2746 et
883 2691 991 2749 suam
1011 2659 1237 2748 Plocensem
1258 2660 1491 2766 Ecclesiam,
1521 2674 1630 2778 parta
1651 2692 1699 2748 ex
1719 2662 1856 2768 altera,
1885 2689 1999 2780 super

367 2776 553 2864 solutione
568 2775 818 2878 Decimarum,
839 2807 908 2863 seu
925 2792 1052 2864 certae
1067 2778 1262 2894 pecuniae,
1284 2777 1371 2866 loco
1387 2790 1425 2864 et
1440 2779 1589 2866 nomine
1605 2779 1809 2874 earundem
1825 2782 1862 2870 iu
1877 2780 1999 2867 Terra
2102 2783 2107 2792 '

367 2892 616 2982 Dobrzinensi
635 2925 705 3010 per
725 2893 869 2981 incolas
886 2893 1055 3011 ejusdem
1077 2895 1232 3000 Terrae,
1251 2910 1327 2982 tarn
1349 2897 1385 2983 in
1400 2895 1494 2982 villis
1515 2893 1734 3002 Ducalihus,
1755 2926 1867 3012 quarn
1889 2899 1999 2985 ctiam

367 3008 599 3114 militalibus,
626 3041 724 3144 quae
754 3013 826 3128 ipsi
856 3009 1017 3098 Domino
1039 3009 1234 3147 Episcopo
1255 3027 1293 3099 et
1312 3011 1437 3122 dictae
1456 3041 1549 3100 suaa
1579 3013 1759 3101 Plocensi
1788 3011 1998 3122 Ecclesiae,

368 3127 476 3214 annis
513 3127 670 3246 singulus
705 3128 826 3214 luerat
854 3128 1047 3236 iacienda,
1087 3157 1217 3248 grauis
1248 3131 1388 3234 fuerat,
1428 3130 1635 3217 seminante
1664 3142 1793 3217 satore
1822 3129 1999 3220 Zizaniae

368 3242 582 3349 discordia,
614 3275 682 3332 seu
704 3247 964 3334 controuersia
984 3247 1175 3336 suscitata.
1232 3244 1333 3361 Quia
1353 3263 1477 3334 tamen
1507 3245 1644 3334 Christi
1665 3245 1859 3337 clementia
1879 3279 1998 3337 annu-

368 3374 474 3469 ente,
505 3359 646 3479 placuit
666 3361 808 3450 eisdem
829 3364 1017 3481 partibuS,
1048 3361 1297 3451 dissensionis
1316 3363 1528 3450 huiusmodi
1549 3366 1709 3483 scopulo
1730 3364 1863 3480 procul
1882 3381 1998 3470 moto,

368 3479 404 3564 in
426 3509 497 3566 nos
519 3491 581 3564 tan
612 3508 697 3564 uam
719 3480 990 3583 arbitratorem‚
1012 3511 1080 3567 seu
1101 3478 1332 3565 amicabilem
1354 3481 1645 3595 compositorem
1661 3510 1776 3594 super
1791 3481 1996 3594 premissis,

366 3608 503 3713 sponte
534 3511 717 3681 etlibere
748 3609 786 3680 et
812 3595 1053 3681 amicabiliter
1083 3595 1406 3711 compromittere,
1438 3610 1476 3680 et
1506 3595 1615 3680 etiam
1647 3595 1860 3681 conuenire.
1911 3593 1996 3685 Nos

233 3763 254 3824 1,
364 3713 489 3832 gratia
509 3712 639 3799 Sancti
660 3707 820 3829 Spiritus
841 3709 1026 3818 inuocata,
1045 3710 1169 3800 ‘dictas
1185 3726 1325 3828 partes,
1348 3710 1521 3800 videlicet
1540 3711 1685 3800 Ducem
1707 3727 1745 3800 et
1763 3709 1997 3832 Episcopum

237 3827 240 3830 ’
364 3830 669 3947 prenominatos,
700 3829 792 3948 ipsis
817 3827 1159 3934 consentientibus,
1191 3844 1227 3916 cl
1258 3829 1368 3916 etiarn
1399 3831 1714 3949 approbantibus,
1746 3861 1815 3946 per
1840 3831 1937 3918 viam
1959 3844 1997 3916 et

363 3945 517 4034 modum
539 3944 866 4053 concordauimus,
889 3962 926 4034 et
940 3945 989 4032 ad
1012 3948 1118 4064 pacis
1137 3945 1293 4033 loedera
1315 3945 1530 4034 reduximus
1552 3948 1808 4063 inlrascriptas
1824 3947 1923 4059 (sic):
1946 3949 1995 4034 ita

365 4059 557 4170 videlicet,
600 4061 701 4182 quod
739 4063 861 4152 dictu's
892 4061 1068 4152 dominus
1094 4062 1189 4150 'Dux
1219 4059 1475 4167 wladislaum
1515 4064 1680 4180 inprimis
1711 4061 1818 4151 villas
1849 4070 1928 4150 Ilus
1959 4080 1997 4152 et
2121 4163 2122 4168 p

368 4183 575 4281 Trambuiro,
609 4210 694 4267 cum
715 4182 794 4267 suis
814 4180 1044 4297 pertinentijs
1065 4179 1157 4270 sitas
1178 4180 1214 4266 in
1235 4180 1354 4267 Terra
1374 4178 1619 4283 Dubriuensi,
1639 4177 1810 4297 predicto
1824 4175 2008 4286 Domino,

257 4359 266 4368 -
363 4289 559 4415 Episcopo
581 4309 619 4382 et
639 4313 732 4384 suae
752 4295 932 4406 Plocensi
951 4295 1171 4402 Ecclesiae,
1203 4313 1348 4385 tenetur
1368 4296 1583 4403 restituere,
1603 4310 1716 4415 prout
1735 4298 1771 4384 in
1793 4299 1894 4390 veris
1915 4301 1993 4386 suis
2020 4356 2026 4374 =

363 4429 450 4501 sunt
479 4411 644 4533 gadibus
675 4427 713 4502 et
741 4413 920 4530 granicijs
950 4412 1135 4501 limitatae.
1191 4411 1309 4528 Quod
1340 4415 1371 4500 si
1403 4411 1607 4531 quispiam,
1639 4445 1754 4533 super
1783 4413 1992 4501 huiusmodi

364 4529 555 4636 limitibus,
587 4529 687 4617 dicto
715 4528 867 4618 domino
898 4527 1112 4650 Episcopo,
1142 4532 1202 4618 uel
1223 4533 1303 4646 ipse
1324 4527 1621 4648 Episcopusalij
1643 4562 1712 4618 seu
1733 4532 1816 4646 alijs
1836 4531 1994 4618 mouerit

1163 4804 1173 4844 ι
1189 4777 1335 4845 Koronnc
1350 4773 1436 4843 dictis
1452 4777 1481 4843 in
1496 4779 1688 4845 Varsariensi
1703 4777 1855 4846 tabulario
1870 4727 1992 4866 publico

364 4867 460 4950 Regni
476 4864 621 4932 Polouiae
635 4865 797 4932 assumtis
811 4865 979 4951 etquidem
995 4867 1051 4933 Nu
1065 4863 1122 4932 ux
1153 4859 1188 4930 V.
1204 4883 1232 4949 p.
1251 4863 1310 4930 12‘2
1325 4862 1520 4949 descriptum.

466 4781 499 4864 (¹)
528 4780 578 4848 Ex
591 4781 675 4848 libris
689 4780 915 4868 manuscriptis
931 4779 1021 4868 vulgo
1042 4779 1108 4846 Met
1131 4777 1172 4844 'lr‘

1345 2457 1523 2532 arrarum,
1545 2459 1593 2514 ex
1614 2459 1706 2516 una:
1732 2446 1769 2518 et
1788 2431 1999 2519 Venerabi-
2109 2487 2110 2494 κ
