4888 5920
1056 865 1058 872 ⁴
1155 761 1430 835 -oco-

481 971 642 1060 Nicolao
663 967 712 1056 de
733 971 935 1055 Borttoelo’
951 961 1122 1053 Custode
1142 960 1383 1067 Ploczensis,
1412 958 1691 1066 Ecclesiarum3
1721 956 1897 1047 lohanne
1917 957 2109 1051 Zaremba

481 1090 531 1177 do
553 1095 741 1176 Coleleceoa
770 1083 996 1188 Siradiensi,
1033 1079 1222 1167 Stanislao
1243 1078 1292 1165 de
1315 1075 1848 1192 Curozwaolee‘Wyelunensi,
1878 1076 2052 1168 iohanne
2072 1094 2111 1169 et

481 1205 671 1296 Stanislao
702 1203 751 1289 de
781 1208 942 1314 Sprceoo
977 1197 1294 1316 Opooznensibus
1325 1196 1561 1313 Capitoneis,
1596 1195 1785 1282 Stanislao
1814 1195 2026 1310 Lyasoozlri
2058 1194 2109 1284 de

479 1329 664 1436 Brzese‘op
696 1319 985 1408 Suecamerario
1016 1316 1285 1418 Poznaniensi‚
1320 1329 1357 1400 et
1387 1315 1565 1402 larcslao
1587 1312 1636 1398 de
1655 1319 1779 1398 Laeto
1801 1312 1969 1401 Tribuno
1989 1315 2107 1431 Syra-

478 1440 619 1546 diensi,
650 1438 808 1644 alippquo
828 1463 939 1548 quam
959 1435 1126 1552 pluribus
1151 1433 1332 1538 Prolatis,
1353 1431 1547 1536 Militibus,
1569 1428 1784 1536 Nobilibus,
1806 1429 2043 1550 Terrigenis,
2069 1445 2108 1517 et

478 1557 673 1678 Indigenis

733 1556 822 1676 egui
841 1554 1011 1642 Polonie.
1047 1690 1049 1694 Ι
1145 1675 1151 1694 .

1076 1947 1079 1954 -
1192 1867 1404 1986 uxuvu.
1449 1967 1451 1972 s

585 2140 969 2238 Potrieoviuc,
996 2159 1152 2226 ammo
1176 2135 1326 2225 1501
1352 2139 1403 2224 el.
1430 2135 1469 2221 3
1494 2137 1694 2224 meam
1724 2137 1994 2224 octobrio.

504 2316 892 2430 meeouenuupreneee
907 2339 1230 2416 excommunionem
1243 2339 1356 2413 Prelnti
1370 2341 1406 2412 et
1419 2337 1555 2412 Berones
1569 2339 1670 2430 nemi
1683 2340 1823 2412 unoetnn
1836 2337 2012 2428 umente,
2032 2355 2087 2430 per

523 2443 652 2516 nuntior
665 2441 707 2564 pl
721 2441 964 2517 bannitionem
979 2444 1154 2535 generelenn
1167 2441 1356 2517 Petrieoriee
1370 2440 1511 2515 boliten
1524 2438 1658 2528 minoem
1679 2443 1782 2514 return
1797 2440 1995 2569 eesejnbent
2009 2441 2057 2526 (¹).
2122 2529 2130 2536 „

568 2663 622 2750 ln
643 2665 793 2750 nomine
813 2664 963 2772 domini,
984 2696 1104 2754 amen.
1140 2666 1203 2756 Ad
1223 2668 1277 2753 rei
1298 2667 1516 2754 memoriam
1537 2665 1811 2781 sempiternam.
1858 2661 2108 2750 Terrestrium

363 2868 367 2880 ,
477 2779 701 2895 Regnorum
723 2796 760 2865 et
780 2779 1059 2900 Principatuum
1080 2783 1269 2884 ordinem,
1302 2813 1491 2868 nsummo
1512 2783 1574 2865 illc
1595 2783 1755 2866 universi
1777 2781 1910 2896 opifice
1936 2779 2024 2864 Deo
2055 2781 2108 2866 ita

476 2899 679 2985 institutum
696 2927 784 2982 esse
801 2913 958 3002 constat,
977 2903 1030 3002 ut,
1051 2897 1122 2990 uisi
1142 2927 1190 2983 ex
1211 2898 1333 3014 capite
1353 2909 1391 2981 et
1409 2897 1597 2998 membris,
1618 2893 1822 3010 ijsdemque
1838 2891 2107 3000 concordibus

476 3013 669 3125 quodlibet
690 3043 820 3102 eorum
842 3028 1077 3132 compactum
1099 3013 1253 3120 existat,
1277 3012 1422 3100 salvum
1444 3025 1481 3098 et
1500 3010 1687 3102 incolume
1706 3010 1768 3096 diu
1788 3039 2012 3129 permanere
2033 3041 2107 3100 non

476 3133 619 3251 possit;
651 3155 727 3243 quo
748 3129 893 3218 diucius
913 3145 1038 3219 autem
1065 3130 1224 3219 solidum
1253 3144 1290 3217 et
1316 3131 1502 3252 integrum
1528 3142 1764 3247 perseveret,
1793 3157 1911 3248 opere
1940 3131 2107 3245 precium

476 3253 570 3356 lore,
591 3264 631 3336 ut
650 3249 762 3366 capiti
782 3249 949 3336 membra
969 3280 1033 3336 res
1062 3247 1238 3355 ondeamt,
1260 3262 1298 3334 et
1313 3262 1428 3367 eaput
1442 3249 1616 3336 membris
1633 3246 1824 3368 singularij
1841 3245 2108 3334 moderacione

477 3383 514 3456 et
543 3367 749 3486 prudencia
780 3367 914 3485 presit:
948 3281 1159 3476 inofficiosa
1189 3367 1285 3454 enim
1317 3381 1354 3452 et
1374 3365 1640 3456 discordancia
1660 3395 1684 3452 a
1705 3394 1776 3453 suo
1797 3367 1920 3484 eapite
1939 3363 2107 3452 membra

475 3485 675 3604 periclitari
695 3497 990 3596 consueverunt,
1013 3514 1087 3604 que
1107 3483 1312 3572 eoncordia
1333 3499 1370 3570 et
1390 3483 1577 3590 elliciosa,
1606 3514 1649 3570 se
1670 3514 1746 3571 una
1766 3514 1850 3571 curn
1873 3483 1994 3602 capite
2014 3513 2106 3572 oon-

477 3618 640 3691 servant.
667 3599 717 3690 Et
733 3632 817 3689 oum
839 3604 876 3688 in
893 3605 1064 3691 omnibus
1085 3618 1224 3737 nature·
1237 3601 1396 3738 legibus,
1419 3601 1626 3714 divinisque
1645 3603 1847 3721 preceptis,
1869 3631 1916 3689 ea
1931 3601 2107 3719 imprimis
2246 3611 2249 3618 ‘

477 3720 683 3824 excellant,
712 3745 785 3831 que
804 3719 855 3807 ad
875 3721 1147 3812 mundanorum
1168 3736 1438 3840 prrncrpatuum
1460 3722 1595 3808 iustam
1616 3720 1922 3833 concordemque
1942 3717 2106 3807 solidita-

476 3853 550 3927 tem
578 3849 620 3922 ‘et
647 3839 939 3926 consonanciam
971 3841 1173 3957 pertinent:
1204 3869 1290 3926 nam
1315 3837 1479 3951 quitquid
1507 3839 1596 3926 boni
1623 3854 1660 3926 et
1679 3837 1861 3925 felicitatis
1889 3835 2107 3925 mortalibus
2257 3939 2263 3946 .

478 3954 605 4058 datum
626 3968 703 4060 est,
729 3952 817 4042 inde
836 3954 1099 4071 proficiscetur
1119 3955 1221 4068 (sic):
1253 3981 1414 4068 cumque
1434 3986 1481 4044 ex
1501 3987 1550 4046 eo
1570 3957 1617 4042 im
1647 3957 1743 4062 eria,
1776 3982 1894 4074 regna
1916 3969 1953 4041 et
1971 3954 2109 4070 princi-

390 4159 392 4167 ,
476 4090 588 4192 patus
615 4101 692 4161 non
713 4071 828 4160 modo
848 4073 1020 4182 stabiliri,
1048 4071 1118 4159 sed
1139 4075 1258 4160 eciam
1274 4075 1413 4208 'augeri
1434 4087 1472 4162 et
1491 3987 1703 4162 mirabiliter
1723 4073 1963 4172 coalescere,
1994 4086 2108 4182 atque

478 4187 684 4279 eoncordia
705 4221 859 4309 parwas
880 4222 944 4278 res
966 4220 1153 4297 erescere,
1184 4190 1375 4282 discordia
1398 4221 1491 4282 vero
1512 4193 1694 4280 maximas
1709 4191 1847 4296 dilabi,
1879 4187 2107 4308 quottidiana

580 4455 622 4542 (¹)
644 4459 697 4534 Ex
719 4457 882 4544 archetypo
903 4458 1138 4526 membranaceo
1159 4458 1190 4524 in
1206 4460 1355 4528 tabulario
1377 4461 1419 4526 ΙΙΙ.
1441 4458 1616 4542 Principum
1637 4457 1885 4525 Bedniwillornm
1905 4455 2107 4524 Nieboroniee

457 4623 460 4628 ¹
479 4549 647 4611 esserunto.
683 4541 743 4608 Sex
757 4543 850 4628 sigilla
867 4563 1000 4628 appensa
1016 4551 1103 4610 crant
1115 4543 1257 4610 funiculis
1270 4545 1374 4611 sericis
1388 4545 1499 4611 coloris
1513 4546 1572 4611 albi
1587 4551 1618 4612 et
1631 4544 1730 4626 rosei,
1751 4551 1884 4628 quatuor
1897 4541 2013 4627 reliqua
2027 4546 2107 4606 sumt.

478 4622 595 4699 Eorum
611 4628 742 4712 primum
758 4625 881 4693 exhibet
896 4635 987 4712 caput
1000 4627 1064 4704 uri,
1087 4628 1209 4712 insuper
1222 4631 1357 4714 symbola
1373 4630 1571 4715 episcopalia,
1591 4630 1622 4694 in
1638 4627 1754 4696 ambito
1768 4629 1796 4694 le
1818 4633 1910 4694 untur
1924 4626 2029 4691 verbu:
2048 4617 2108 4701 „S.

478 4711 549 4778 Ale.
563 4711 637 4810 Epi.
652 4710 761 4787 Vzloe'',·
784 4711 912 4808 alterum
923 4711 1049 4810 exbibet
1062 4719 1123 4777 tres
1138 4713 1240 4792 tubos,
1262 4714 1403 4780 videlieet
1416 4715 1532 4811 insigne
1547 4714 1723 4798 Principum
1737 4647 2002 4808 Raoliiwillorum
2017 4707 2107 4806 rerba

480 4797 528 4863 rix
542 4797 601 4880 legi
615 4804 754 4883 possunt;
776 4804 899 4862 tertium
921 4796 1037 4880 insigne
1051 4795 1165 4862 dictum
1179 4799 1338 4880 „Leliwe”,
1358 4801 1450 4866 rerba
1471 4820 1503 4863 nn
1518 4799 1636 4866 ambitu
1656 4796 1752 4864 literis
1774 4795 1939 4864 nlauonicns
1953 4799 2106 4876 inscripto.

480 4878 632 4958 Quartum
647 4879 777 4964 sigillum
792 4879 913 4966 penitus
928 4881 1124 4947 destructum
1585 4883 1587 4887 ’
