4788 5926
923 721 1300 794 ·-1ot-

343 917 575 1010 rovcrandus
601 919 659 1006 vir
679 917 852 1007 dominus
883 915 1016 1006 Abbas
1037 917 1318 1006 nobismuitum
1340 933 1377 1006 at
1397 929 1581 1038 magnum
1596 918 1969 1028 bonoremaxbibuit,
2047 1003 2051 1008 .

345 1050 382 1124 ct
402 1065 604 1154 xexpensas
634 1036 826 1152 copiosius
857 1035 1095 1141 ministravit,
1127 1048 1183 1140 et,
1213 1036 1316 1147 quod
1337 1037 1460 1124 maius
1488 1053 1554 1150 est
1573 1039 1834 1150 memoriaque
1854 1039 1974 1134 recoli
2172 1141 2179 1148 ¹

343 1153 510 1273 signum,
531 1183 616 1246 oum
632 1151 801 1264 quadam
813 1155 987 1241 noccinm
1004 1152 1135 1242 hostes
1151 1153 1320 1242 homines
1336 1153 1454 1242 sortes
1472 1151 1560 1240 dicti
1580 1155 1768 1273 Principis
1782 1153 1980 1274 Gtogovia
2102 1229 2110 1236 .

343 1273 540 1363 staciones
572 1272 758 1359 exercitus
794 1271 913 1358 nostri
948 1267 1106 1360 latenter
1138 1271 1430 1376 subintrassent,
1467 1269 1667 1390 dmnpnum
1700 1273 1807 1358 nobis
1837 1273 1974 1360 interra
2105 1303 2116 1384 g

344 1390 556 1506 cupientes,
581 1389 748 1506 prefatus
767 1387 901 1476 Abbas
920 1403 1033 1505 prout
1050 1387 1186 1498 ficetis,
1206 1386 1258 1474 ad
1278 1417 1350 1474 nosw
1370 1388 1503 1476 eadem
1521 1405 1636 1478 nocte
1654 1390 1809 1508 propria
1831 1391 1867 1475 in
1888 1421 1976 1508 pere·
2146 1491 2151 1503 ι

344 1535 440 1598 sona
460 1507 636 1609 venians,
666 1505 778 1594 nobis
805 1506 995 1594 incursum
1025 1505 1420 1596 bostiumenrundem
1447 1508 1633 1595 ueraciter
1660 1505 1857 1611 indicavit3
1887 1537 1976 1594 mox
2051 1591 2054 1602 ,

179 1621 188 1628 ’
299 1618 303 1627 ’
342 1624 566 1734 quantocius
596 1638 634 1718 nt
663 1623 817 1713 cannara
848 1623 897 1712 ad
929 1623 1054 1720 locum
1083 1621 1291 1712 indicatum
1312 1625 1500 1730 misimus,
1531 1625 1592 1735 qui
1614 1626 1825 1712 sancientes
1846 1625 1981 1741 iugam-

342 1740 511 1844 'utie'runt
532 1767 629 1851 quos
648 1742 765 1828 nostri
786 1739 976 1852 usquead
998 1754 1165 1833 castrum
1187 1743 1312 1831 &abab
1333 1755 1420 1830 sunt
1439 1742 1590 1830 viriiiter
1607 1742 1817 1858 persecuti3
1845 1741 1980 1852 sicque
2099 1787 2103 1794 ·

342 1886 415 1952 nos
430 1872 484 1944 -et
502 1872 656 1953 nosnos
675 1857 907 1958 reverendus
927 1858 984 1952 vir
1003 1872 1042 1942 et
1056 1857 1182 1948 tidelis
1204 1859 1497 1976 promuniandn,
1527 1890 1550 1948 a
1570 1861 1731 1948 maximo
1753 1858 1918 1975 dampno
1940 1873 1982 1946 et·

342 1975 473 2065 mortis
493 1973 660 2092 periculo
677 1973 839 2062 fidettrer
859 1973 1046 2080 liberavit;
1068 2006 1138 2090 pro
1161 2004 1209 2060 an
1230 1976 1299 2062 sibi
1320 1989 1488 2088 nostram
1509 1977 1682 2094 graciam
1703 1977 1984 2094 spopondimus

342 2090 572 2208 ampliorem.
615 2089 1039 2202 Cumque-reuerendus
1063 2090 1122 2176 vir
1147 2091 1280 2180 Abbas
1300 2091 1500 2209 predictus.
1512 2093 1563 2178 ad
1585 2122 1657 2179 nos
1677 2095 1713 2178 in
1733 2100 1874 2178 Ptocztc
1894 2108 1976 2178 tau.

343 2205 430 2295 dem
449 2206 653 2318 aliquando
674 2223 762 2324 post
781 2208 922 2318 aliquot
937 2208 1118 2323 temporis
1132 2209 1292 2322 spatium
1307 2209 1485 2312 venisset,
1509 2207 1817 2323 proquibusdam
1834 2208 1978 2328 graciis

343 2321 471 2420 donni
490 2323 712 2415 Yezcviensi
732 2323 924 2426 iaciendis,
954 2323 1211 2411 assidentibus
1230 2321 1373 2411 dilectis
1394 2325 1535 2410 nostris
1555 2321 1638 2410 ttiis
1659 2324 1853 2410 Samovito
1874 2325 1984 2414 vide..

270 2447 272 2452 ’
342 2441 496 2540 linotet
525 2440 717 2556 Troydioo
746 2440 917 2531 Ducibus
943 2455 981 2526 et
1006 2438 1097 2556 aiijs¹
1113 2439 1350 2552 Batonibus,
1386 2441 1496 2528 nobis
1525 2438 1708 2529 humiliter
1737 2439 1978 2558 supplicavita

343 2560 450 2674 cujus
466 2559 680 2656 meritorum
696 2557 890 2674 beneficijs
905 2557 1014 2652 nobis
1023 2557 1426 2670 impensismamnriter
1434 2557 1658 2662 recolentes,
1670 2571 1705 2644 et
1715 2558 1977 2644 assessoribus
2026 2649 2035 2658 ,

291 2691 299 2702 ’
343 2677 478 2764 seriem
495 2674 763 2765 beneficiorum
779 2675 897 2792 ipsius
914 2685 1159 2790 exponentes,
1169 2673 1346 2791 precibus
1356 2675 1436 2760 cius
1446 2672 1574 2790 dignis
1584 2675 1781 2784 annuimus
1793 2675 1975 2792 gratiose.

282 2806 288 2818 '
343 2792 456 2880 Unde
475 2809 632 2910 propter
651 2824 758 2910 spem
783 2805 821 2880 ct
841 2790 999 2880 satutem
1019 2793 1092 2880 vita
1112 2805 1263 2898 aterne,
1289 2816 1402 2902 quam
1423 2792 1532 2879 nobis
1560 2821 1584 2880 a
1605 2791 1758 2878 domino
1780 2805 1819 2878 et
1838 2792 1977 2880 nostris
2081 2877 2088 2890 ,

344 2910 683 3028 predecessoribus
718 2941 766 2998 ac
798 2909 962 3027 posteris
997 2925 1240 3027 exoptamus,
1275 2907 1324 2993 da
1354 2910 1541 2997 communi
1571 2909 1727 2996 consitio
1757 2907 1976 2998 dilectorum

346 3029 504 3118 fitiorum
533 3041 750 3114 nostrorum
780 3025 1034 3144 predictorum
1064 3042 1099 3115 et
1126 3026 1323 3115 Beronum
1345 3027 1476 3118 [avora
1497 3042 1534 3113 et
1553 3055 1734 3130 assensn,
1766 3025 1919 3114 domum
1940 3039 1978 3112 ct

345 3145 469 3232 vitiam
500 3147 537 3230 in
567 3143 700 3234 Yezov
730 3160 765 3231 et
798 3145 867 3232 bas
888 3143 1066 3232 vittasad
1087 3143 1246 3232 eandem
1267 3144 1316 3232 ab
1337 3145 1489 3255 antiqno
1509 3145 1754 3262 pertinentes,
1783 3143 1975 3233 videlicet:
2123 3153 2125 3160 '

349 3267 501 3364 Goram,
522 3268 724 3364 tuscano,
744 3269 924 3354 mantano
945 3277 983 3350 et
1005 3259 1298 3373 Cromovum(⁰)
1321 3263 1548 3348 monasterio
1569 3259 1785 3376 Lnbynensi
1807 3276 1845 3346 et
1858 3262 1977 3348 tratri·

345 3379 418 3468 bns
449 3379 583 3474 ibidem
615 3381 761 3467 ordinis·
788 3381 908 3468 sancti
938 3379 1136 3466 Benedicti
1167 3379 1306 3465 dudum
1337 3377 1549 3494 apatribus
1580 3379 1719 3463 nostris
1750 3379 1910 3464 collatas
1940 3393 1978 3464 et

345 3498 574 3611 asscriptus,
604 3498 750 3614 pretato
772 3497 925 3585 domino
955 3493 1120 3582 Martino
1149 3494 1290 3582 Abbati
1321 3508 1358 3579 ct
1381 3495 1461 3578 s'uis
1491 3491 1779 3581 successoribus
1810 3492 1987 3582 claustro,

344 3611 584 3729 Lubynensi‚
622 3643 705 3700 cnm
727 3614 899 3701 omnibus
919 3611 1132 3704 utilitatibus
1152 3638 1225 3723 que
1244 3639 1345 3698 nunc
1365 3611 1401 3699 in
1416 3609 1559 3698 eisdem
1579 3607 1666 3699 sunt
1681 3625 1719 3696 et
1733 3611 1768 3696 in
1784 3625 1976 3729 postamm

344 3731 423 3821 fieri
448 3744 632 3846 poterunt,
652 3731 686 3816 in
709 3745 929 3848 perpetuum
1002 3727 1202 3828 ssidendas
1222 3730 1443 3816 innovantes
1463 3728 1674 3818 addicimus
1688 3742 1726 3818 ct
1740 3731 1976 3818 conterentes

344 3848 581 3966 presentibus
597 3848 730 3936 scitam
759 3851 915 3934 citeron
956 3876 1143 3938 nmamus,
1172 3845 1355 3934 Volentcs
1370 3861 1408 3945 et
1422 3847 1576 3936 firmiter
1589 3859 1808 3951 statuentes,
1827 3863 1866 3934 ut
1881 3848 1987 3934 sicut

232 4031 242 4074 ;
344 3980 473 4083 patras
488 3966 643 4055 nostrin
658 3967 695 4052 iu
728 3966 886 4056 ‘aniona
898 3965 1060 4054 ecclesie
1080 3965 1179 4062 dicte
1195 3961 1347 4051 domum
1361 3965 1498 4051 ibidem
1518 3963 1789 4052 Yezcviensem
1806 3964 1975 4052 ordinem

344 4084 467 4196 sancti
486 4081 684 4173 Benedicti
704 4097 743 4170 et
760 4084 896 4171 tratres
917 4081 988 4170 sub
1008 4082 1145 4170 endam
1165 4083 1251 4170 inibi
1265 4079 1341 4168 *deo
1358 4083 1555 4171 mititantes
1571 4080 1707 4170 illibata
1723 4082 1807 4169 sinc
1821 4077 1974 4193 quarata

344 4215 611 4305 seruauerunt,
635 4202 690 4286 sic
711 4201 832 4288 eciam
852 4214 890 4288 et
909 4230 980 4289 nos
1002 4230 1086 4286 curn
1107 4201 1247 4289 nostris
1269 4201 1432 4315 posteris
1452 4213 1490 4284 et
1509 4197 1810 4302 successoribus,
1833 4197 1984 4284 dictam

345 4315 508 4424 domurn,
529 4316 697 4406 ordinem
717 4332 754 4406 et
773 4318 908 4417 tratres
928 4315 1066 4406 ibidem
1081 4318 1162 4406 sinc
1177 4317 1441 4405 mutacicncet
1457 4317 1555 4404 omni
1571 4315 1723 4425 quarata
1740 4343 1971 4402 conservare

345 4436 476 4527 merito
495 4433 684 4541 condecet
703 4435 915 4534 etotiensa.
959 4433 1011 4524 Et
1039 4433 1134 4522 ideo.
1158 4433 1294 4530 dictam
1323 4431 1475 4523 domum
1507 4443 1544 4519 et
1570 4434 1721 4520 tratres¹
1738 4432 1776 4519 in
1803 4445 1972 4520 nostram

446 4701 487 4833 (a)
515 4691 743 4825 Gorditano
764 4756 796 4818 ot
813 4750 945 4818 unum
965 4729 1052 4816 rittie
1073 4748 1273 4827 Jetoriensts,
1294 4711 1461 4814 mannua
1476 4698 1584 4814 'numm
1606 4696 1977 4834 superstitionum,-

345 4831 489 4902 territorii
504 4842 576 4903 sunt
589 4835 734 4904 [tarensis
749 4843 781 4902 ct
796 4835 1001 4903 Brrazinecsis
1016 4833 1150 4920 regionis
1165 4834 1197 4902 in
1210 4833 1318 4919 Regno
1333 4832 1487 4900 Potoniaa.
1584 4873 1586 4877 ψ
1948 4879 1949 4886 ,
