4780 5922
1124 805 1170 820 -
1227 767 1399 840 tlt-

450 966 693 1060 oonoedimus
714 981 751 1057 et
770 970 955 1060 donamus
976 965 1097 1054 eidam
1118 967 1251 1054 civitati
1272 966 1308 1053 in
1327 981 1547 1084 perpetuum
1568 964 1837 1084 subjacendus
1876 966 2074 1081 Quidoun·

395 1147 397 1154 ·
478 1115 525 1170 ue
561 1118 653 1174 vero
688 1090 790 1176 oives
808 1085 1026 1206 'supradicti
1058 1084 1254 1172 ordinandi
1285 1115 1354 1170 seu
1385 1085 1543 1172 laoiendi
1574 1084 1790 1192 habuerint,
1825 1086 1895 1201 ipsi
1926 1087 2073 1173 incolae

330 1255 338 1270 ·
450 1117 632 1292 dictarum
653 1206 820 1294 villarum
842 1204 997 1295 oonsilio
1016 1207 1158 1319 pariter
1188 1220 1225 1291 et
1244 1202 1380 1289 auxilio
1411 1205 1446 1290 in
1468 1203 1642 1290 omnibus
1665 1203 1820 1290 adstare
1841 1203 2071 1291 tenebuntur.

446 1319 490 1406 ln
511 1324 617 1440 oujus
638 1323 762 1442 itaque
784 1324 1003 1413 evidentiam
1024 1320 1228 1436 pleniorem
1249 1323 1471 1438 praesentes
1490 1321 1602 1407 so'ribi
1612 1323 1810 1438 jussimus
1828 1323 1945 1408 nostri
1961 1320 2072 1440 sigilli

446 1441 644 1527 munimine
663 1443 875 1548 roboratas,
897 1473 945 1529 ne
961 1456 1112 1527 caetero
1128 1438 1352 1556 ambiguitas
1368 1438 1556 1556 superbis
1571 1439 1742 1558 aliqualis
1759 1438 1886 1526 valeat¹
1897 1439 2071 1526 suboriri
2191 1546 2196 1556 .

446 1556 582 1644 Actum
603 1559 752 1676 publioe
772 1561 843 1646 sub
864 1590 964 1647 anno
982 1557 1119 1647 domini
1138 1556 1335 1642 lllillesimo
1352 1556 1607 1644 ducentesimo
1624 1557 1871 1676 nonagesimo
1886 1555 2069 1643 seeundo.

445 1671 716 1765 Praesentibus
751 1677 809 1766 his
844 1677 1021 1787 testibus:
1064 1675 1207 1761 Comita
1243 1673 1404 1762 Cristino
1440 1673 1614 1762 Palatino
1652 1673 1886 1791 Cujaviensi,
1923 1675 2072 1760 Comite

319 1891 326 1898 ⁸
444 1789 635 1880 Predslao‘
649 1789 704 1906 (³)
739 1795 954 1908 Castellano
985 1791 1295 1906 Vladislaviensi‚
1334 1793 1479 1880 Gemite
1508 1789 1651 1880 Mathia
1681 1792 1815 1880 Judioe
1846 1790 2070 1907 Cujaviensi,

367 1905 371 1914 ’
445 1907 597 1999 domino
611 1904 769 2000 Andrea
784 1913 1186 2020 Procuratorenostro
1198 1907 1265 2020 (⁴),
1285 1909 1431 2000 Comite
1446 1909 1605 1998 Clrebda
1621 1910 1910 1998 Suooamerario
1925 1925 2069 2014 nostro,

445 2023 631 2116 Vilhelmo
652 2027 854 2116 Advooato
876 2029 1102 2134 Siradiensi,
1124 2041 1162 2113 et
1181 2028 1261 2113 aliis
1282 2028 1580 2146 quamplurimis
1601 2027 1676 2114 lide
1697 2027 1833 2148 dignis.
1873 2025 2010 2113 Datum
2031 2027 2068 2112 in

445 2147 632 2244 Brzesoio
654 2145 748 2234 inlra
768 2161 924 2254 octavas
944 2147 1180 2235 ascensionis
1201 2143 1339 2260 domini
1360 2147 1451 2234 leria
1473 2147 1589 2232 tersia
1599 2141 1666 2258 (⁵).

450 2397 455 2405 .
475 2391 478 2398 .
494 2511 501 2526 ι
543 2428 579 2514 (³)
606 2416 829 2518 lnapographo
843 2453 956 2506 nomen
972 2411 1176 2502 Phradmonis
1192 2450 1247 2514 pro
1263 2429 1406 2498 ataui
1418 2429 1541 2496 nomine
1553 2437 1692 2496 notatum
1703 2439 1779 2508 eret
1795 2403 1877 2516 duod
1890 2427 1962 2495 vitio
1974 2391 2079 2514 scrip-i

441 2512 736 2678 illamam&
751 2519 855 2584 tabula
869 2517 940 2585 anni
959 2516 1037 2583 1293.
1053 2515 1144 2600 paulo
1159 2514 1283 2582 inferius
1298 2515 1353 2582 Ν’0
1367 2513 1534 2580 LXXXIV.
1550 2514 1712 2599 descripta,
1727 2523 1758 2580 et
1772 2514 1869 2581 mudto
1884 2514 1992 2598 mojori
2008 2513 2068 2582 lide

478 2760 485 2776 Ι
543 2680 691 2832 (μάθω
706 2684 894 2782 siprifioanta
908 2683 998 2780 titulo
1014 2683 1147 2782 Vlodarii
1162 2683 1243 2749 buno
1264 2681 1418 2750 Andream
1442 2682 1473 2748 in
1487 2682 1589 2780 tabula
1611 2683 1681 2748 anni
1704 2682 1783 2749 1299
1806 2681 1910 2778 Codioi
1931 2681 2067 2778 llaozyd·

441 2780 551 2912 pptxappo
587 2765 855 2917 mailliiriim
874 2767 1062 2851 designatum
1077 2767 1223 2836 ridemus.
1258 2767 1345 2838 Conl.
1360 2775 1587 2834 annotationem
1603 2775 1738 2834 ooturam
1755 2766 1793 2832 ad
1807 2767 1995 2851 marilegium
2009 2765 2067 2832 Nl⁰

441 2869 679 3085 delobriliatiiies
694 2934 820 3004 feriatus
834 2919 1017 3003 incensionis
1031 2935 1154 3016 domini,
1169 2957 1251 3004 anno
1269 2936 1350 3002 1292
1365 2935 1414 3002 die
1432 2935 1637 3008 tamniensis
1652 2933 1737 3021 Maii,
1754 2933 1805 3021 qui
1817 2931 1881 3000 dies
1895 2932 1979 3001 toris
1991 2941 2066 3013 erat,

1064 3345 1071 3450 j
1168 3314 1344 3430 LXXX.

551 3627 553 3638 ›
583 3575 907 3690 aenaeae,
929 3596 1089 3662 anno
1115 3570 1266 3662 1292
1292 3574 1386 3659 ore
1411 3573 1522 3658 24⁶·
1546 3595 1717 3688 mam,
1740 3507 1920 3660 ronta.

531 3773 800 3848 commun-ns
813 3775 884 3848 uu
897 3774 1057 3848 tonotoiao
1071 3773 1233 3862 mattula
1244 3773 1363 3848 trotiol
1376 3775 1503 3866 boten,
1523 3776 1608 3850 villis
1622 3777 1776 3850 nonnullis
1789 3775 1971 3850 nomam

475 3870 481 3878 ’
558 3875 792 3970 Sulolouiousis,
815 3875 1097 3969 priuilegiumjuds
1112 3877 1272 3949 toutontei
1287 3875 1386 3969 (quod
1401 3877 1576 3964 diastolas)
1590 3878 1815 3967 Xoritoronsis,
1836 3881 1870 3950 ot
1884 3894 1946 3967 ouo

978 3977 1122 4050 tanoiolo
1135 3978 1315 4069 rogabatur,
1337 3979 1459 4052 oonbrt
1472 3981 1521 4065 (¹).
1593 4007 1594 4014 Ν
1846 4013 1848 4022 =

456 4285 469 4310 .
538 4201 581 4286 ln
601 4189 748 4330 nomine
769 4201 928 4308 domini,
960 4220 1080 4290 amen.
1133 4200 1216 4291 Nos
1247 4201 1472 4290 Kazimirus
1490 4201 1551 4288 dei
1582 4203 1713 4321 gracia
1743 4200 1830 4286 Dux
1859 4197 2063 4287 Lanolrioio

437 4315 694 4438 significamus
722 4321 904 4408 universis
930 4321 1167 4438 presentibus
1195 4335 1233 4406 et
1251 4322 1401 4427 futuris,
1432 4319 1533 4437 quod
1562 4349 1634 4407 nos
1662 4318 1897 4407 attendentes
1920 4331 2064 4436 quantu

436 4435 659 4524 devooionis
686 4436 823 4522 alleotu
852 4439 913 4554 pie
932 4439 1215 4527 reeordaeionis
1235 4455 1343 4557 pater
1363 4454 1493 4526 noster
1522 4437 1609 4524 Dux
1639 4437 1850 4522 Kazimirus
1870 4435 2063 4552 ceterique

435 4555 702 4678 progenitores
732 4555 869 4659 nostri,
899 4553 1161 4644 lundaoionem
1181 4588 1308 4664 suam,
1339 4557 1510 4644 videlieet
1542 4557 1744 4644 ecelesiam
1775 4565 1908 4642 sancte
1937 4552 2061 4642 Mario

538 4819 571 4905 (¹)
599 4821 646 4886 Ex
667 4820 840 4907 archetypo·
856 4821 1208 4899 membruoooeosdoot
1229 4823 1449 4907 Stronouyssoii
1465 4823 1612 4906 priapeio,
1634 4824 1720 4910 eujus
1740 4822 1871 4908 sigillum
1881 4768 2060 4908 abruptum,

434 4906 484 4974 fila
499 4913 612 4984 autem,
628 4906 737 4996 quibus
751 4926 918 4992 appensum
935 4917 1008 4987 erat,
1023 4905 1100 4985 ssavi,
1114 4909 1216 4974 viridis
1230 4918 1262 4974 ot
1275 4908 1399 4974 violacei
1414 4915 1484 4975 sunt
1499 4908 1619 4976 ootoris.
1825 4933 1826 4940 ¹
1896 4915 1924 4970 f
1981 4957 1984 4966 r
2036 4943 2039 4952 ·
