4788 5926
1101 753 1349 824 ..03...

417 951 596 1039 Prussiae
626 965 873 1038 consecratus
893 948 1129 1066 Episcopus,
1170 951 1350 1038 humiliter
1371 951 1618 1068 supplicando
1639 983 1709 1040 nos
1730 957 1898 1072 rogavit,
1931 943 2033 1072 qimd

416 1099 486 1156 nos
515 1070 657 1172 villam,
695 1097 793 1186 wquae
818 1063 1048 1178 Dodrorol⁴l
1070 1068 1273 1186 vulgariter
1304 1086 1554 1184 nuncupatur,
1588 1100 1670 1154 oum
1694 1073 1772 1156 suis
1794 1073 2031 1186 pertinentiis,

417 1217 527 1304 quam
555 1201 721 1302 tempore
756 1187 813 1271 sui
834 1186 1078 1270 monachatus
1116 1198 1151 1269 et
1185 1188 1295 1272 etiam
1328 1188 1568 1304 episcopatus
1598 1189 1741 1272 ratione
1771 1189 2034 1300 Cisterciensis

417 1303 579 1407 ordiniS,
610 1303 669 1388 cui
689 1302 737 1388 ab
767 1303 919 1418 antiquo
948 1302 1084 1388 3311313
1104 1302 1242 1407 133331,
1274 1303 1389 1387 libere
1423 1333 1471 1388 33
1492 1303 1649 1419 pacifice
1671 1304 1791 1390 multis
1813 1308 1919 1392 annis
1942 1337 2032 1420 pos·

415 1420 579 1526 sederat,
601 1420 726 1506 domui
747 1433 904 1505 sanotae
922 1416 1068 1504 Mariae
1090 1433 1127 1502 ct
1146 1420 1319 1506 iratribus
1342 1419 1389 1505 de
1410 1421 1579 1535 Suliyow
1597 1423 1858 1508 Cisterciensis
1880 1424 2032 1528 ordinis,

415 1538 558 1624 ratione
574 1536 743 1652 ejusdem
760 1537 911 1640 ardinio,
934 1552 1021 1652 post
1037 1537 1117 1652 ejus
1133 1537 1272 1622 obitum
1289 1536 1513 1623 confirmare
1528 1536 1781 1654 dignaremur.
1812 1537 1895 1624 Nos
1911 1556 2036 1626 autem

415 1654 488 1740 deo
516 1653 750 1740 militantibus
782 1653 981 1738 subvenire
1012 1655 1112 1771 pium
1143 1683 1190 1738 33
1222 1655 1330 1740 331311
1352 1685 1439 1740 3333
1460 1657 1716 1740 necessarium
1737 1654 2035 1761 considerantes,

413 1769 644 1890 praedictam
665 1770 788 1856 villam
809 1778 976 1872 Dobrow
1007 1801 1090 1856 oum
1114 1772 1284 1857 omnibus
1306 1773 1531 1886 pertiuentiis
1552 1774 1630 1858 suis
1647 1784 1699 1858 ’33
1719 1775 1934 1862 utilitatibus
1955 1777 2036 1860 331-
2066 1816 2069 1822 ·

413 1891 553 1991 333313,
574 1887 765 1974 videlicet:
787 1886 950 2004 capella,
980 1889 1250 2005 piscatoribus,
1271 1891 1492 1975 sanctuariis
1514 1904 1551 1974 et
1570 1890 1680 1994 villis,
1709 1920 1866 2008 quarum
1888 1893 2035 1978 nomina

415 2020 500 2092 sunt
519 2005 630 2091 haec:
661 2010 799 2106 Lasno,
831 2012 1018 2092 Rulr'cdow
1040 2010 1079 2114 (1
1098 2009 1310 2112 Baucida),
1333 2014 1496 2091 Zodowo
1527 2007 1878 2119 3111133113333315),
1899 2039 2036 2095 memo·

413 2137 519 2209 ratae
549 2121 675 2208 domui
709 2137 746 2208 31
766 2124 968 2240 capellanis
998 2125 1135 2210 nostris
1169 2122 1217 2207 de
1238 2123 1413 2240 Suligow
1433 2125 1575 2209 ratione
1599 2125 1861 2211 Cisterciensis
1883 2125 2035 2232 ordinis,

414 2240 473 2324 331
494 2239 654 2326 33113133
673 2242 820 2326 1333331
839 2240 887 2326 ab
903 2241 1065 2358 antiquo,
1086 2241 1187 2326 nullo
1203 2241 1442 2344 reclamante,
1465 2243 1773 2327 inremissionem
1794 2259 2035 2356 peccatorum

414 2372 644 2460 nostrorum,
689 2357 939 2442 haereditario
969 2360 1054 2472 jure
1084 2355 1355 2472 possidendas
1373 2371 1556 2472 perpetuo
1592 2358 1868 2445 confirmamus.
1921 2358 1972 2443 Et
1997 2373 2037 2442 ut

414 2489 543 2560 nostra
565 2472 718 2578 libertas
740 2473 877 2561 clarius
900 2473 1109 2578 elucescat,
1140 2473 1313 2560 volumus
1335 2471 1384 2558 'ut
1404 2473 1549 2558 incolae
1571 2473 1750 2559 dictarum
1772 2474 1939 2558 villarum
1962 2490 2035 2559 tam

413 2590 536 2693 liberi,
558 2619 668 2706 quam
691 2591 768 2692 3111,
789 2590 838 2674 ab
860 2591 957 2675 omni
971 2600 1146 2704 prewod,
1178 2620 1200 2674 a
1221 2609 1370 2693 stroza,
1392 2597 1524 2676 331313
1546 2590 1638 2700 (sic),
1670 2577 1902 2695 mostomii,
1925 2621 1948 2676 a
1961 2623 2036 2702 po·
2100 2607 2130 2706 y*
2161 2637 2167 2644 ·

412 2741 508 2804 woz,
530 2735 712 2804 3333333,
746 2705 1013 2819 apowolotoe,
1028 2717 1285 2821 podworowe,
1308 2721 1346 2791 31
1366 2714 1611 2818 3333331133,
1634 2721 1671 2791 31
1691 2709 1739 2794 ab
1761 2707 1931 2792 omuibus
1953 2708 2034 2794 aliis

413 2825 651 2912 servitutibus
676 2837 720 2910 31
740 2825 1012 2930 exactionibus,
1044 2826 1210 2942 angariis
1241 2839 1278 2909 et
1298 2825 1531 2941 perangariis
1568 2825 1713 2938 penitus
1742 2825 1814 2910 sint
1840 2826 2032 2911 immunes.
2159 2867 2173 2888 ⁴

412 2942 474 3029 Ad
507 2941 643 3027 nullam
684 2943 793 3027 etiam
815 2941 1086 3058 expeditionem
1126 2943 1181 3026 ire
1212 2942 1497 3058 compellantur,
1538 2942 1607 3025 nisi
1632 2957 1736 3046 tun'o,
1790 2940 1941 3057 quando
1963 2955 2035 3024 ter·

413 3089 492 3144 ram
514 3073 681 3143 nostram
718 3061 903 3144 exercitus
932 3060 1107 3144 invaserit
1135 3058 1302 3165 alienus;
1354 3058 1489 3143 nullum
1522 3072 1684 3143 castrum
1728 3088 1849 3171 neque
1884 3087 2031 3161 novum,

412 3201 535 3286 neque
565 3189 672 3261 33133
712 3174 913 3262 aedificare
954 3189 1165 3280 teneantur,
1217 3192 1254 3261 et
1280 3174 1329 3260 ad
1361 3172 1496 3260 nullam
1527 3176 1761 3260 saecularem
1782 3189 2036 3288 provocentur

413 3290 654 3395 audientiam,
706 3306 857 3410 praeter
896 3308 1080 3395 nostram,
1133 3307 1169 3377 et
1198 3291 1376 3378 boccum
1406 3293 1512 3378 litera
1547 3308 1676 3378 nostro
1698 3292 1823 3410 sigillo
1860 3291 2032 3408 sigillata.
2083 3325 2086 3334 ⁴

294 3443 295 3446 ‘
411 3409 566 3494 Furtum
589 3424 624 3494 et
644 3407 880 3493 homicidium
918 3423 956 3492 et
977 3407 1108 3493 omnes
1130 3409 1261 3522 culpas
1283 3409 1393 3511 31133,
1435 3438 1531 3522 quae
1553 3409 1601 3489 ab
1622 3409 1832 3492 hominibus
1853 3407 2034 3492 dictarum
2114 3411 2116 3416 ’
2168 3501 2173 3513 ,

412 3527 579 3612 villarum
602 3523 844 3642 contigerint,
875 3525 1010 3609 iratres
1032 3524 1242 3608 nominatae
1263 3523 1397 3607 domus
1412 3521 1654 3634 judicabunt,
1677 3523 1898 3607 solutionem
1920 3521 2034 3607 libere

411 3641 608 3758 recepturi.
660 3639 709 3724 Et
737 3656 777 3726 ut
797 3640 965 3755 ampliori
992 3639 1117 3723 adhuc
1149 3652 1277 3724 nostra
1315 3653 1463 3750 utantur
1493 3637 1636 3755 gratia,
1683 3637 1815 3723 damus
1844 3637 2039 3758 31311113331

413 3757 640 3876 piscationes
671 3771 860 3843 castorum
891 3785 960 3872 per
981 3759 1190 3870 piscatores
1219 3783 1329 3862 suos,
1361 3771 1397 3842 et
1411 3757 1635 3847 venationes
1664 3757 1825 3842 serarum
1847 3756 1883 3842 in
1904 3754 2033 3842 haere·
2150 3794 2165 3828 3

514 4108 553 4193 (⁴)
583 4107 667 4176 Cant.
684 4109 721 4174 ad
738 4109 832 4193 privil.
849 4109 918 4174 anni
935 4109 1017 4174 1141
1034 4110 1173 4195 superius
1195 4109 1250 4176 N¹⁰
1265 4109 1410 4174 1111111110
1425 4111 1624 4206 praemissum
1647 4108 1874 4176 annotationem
1891 4115 2036 4186 octavum,

413 4213 468 4258 333
484 4211 545 4256 333
560 4193 749 4277 privilegium
766 4194 836 4258 anni
853 4192 935 4259 1188
951 4192 1316 4260 13133133Ν10131111111νο
1332 4192 1507 4258 exhibitum.

514 4275 553 4360 (⁵)
582 4276 697 4340 Leszno
720 4276 880 4360 parochiae
903 4277 1136 4352 Grabovicnsis;
1164 4275 1324 4349 1133313133,
1347 4278 1429 4360 quod
1453 4276 1482 4339 in
1501 4274 1675 4359 apographo
1698 4297 1857 4362 perperam
1879 4275 2036 4342 Ratiatum

412 4359 595 4444 descriptum
612 4379 694 4436 csse,
716 4359 778 4423 duo
794 4361 962 4444 privilegia,
977 4363 1103 4426 alterum
1120 4362 1190 4426 anni
1210 4361 1289 4424 1131
1305 4361 1384 4442 apud
1401 4359 1637 4424 Damalerioium
1654 4359 1728 4442 [Ser.
1743 4360 1906 4445 Archiapp.
1922 4359 2036 4454 Gnesn.
2085 4423 2091 4428 .

412 4464 441 4528 p.
456 4441 640 4524 tot-103),
655 4443 782 4541 alterum
796 4445 865 4510 anni
879 4443 959 4542 1188
972 4445 1096 4542 interius
1112 4445 1166 4541 Nss⁰
1181 4445 1337 4541 lxvtus
1347 4443 1506 4540 prolatum,
1518 4443 1637 4519 docent,
1648 4445 1808 4542 parochiae
1823 4443 2036 4540 (lhelmnensrs

339 4568 342 4584 ·
412 4527 587 4625 advertam
603 4527 743 4624 durium,
765 4531 872 4626 ambae
887 4538 1028 4594 territorii
1044 4537 1074 4592 31
1088 4549 1219 4625 regmnrs
1233 4529 1434 4592 Lanorcrensrs
1450 4528 1544 4606 villae,
1567 4527 1939 4626 1133333333333333333,
1957 4545 2037 4622 quaa

411 4633 441 4674 m
457 4611 551 4676 altero
565 4612 677 4676 Variae
692 4612 778 4676 litore
793 4622 848 4678 sita
864 4622 917 4678 est.
953 4613 1062 4678 Soddw
1074 4613 1140 4676 villa
1155 4620 1232 4676 mter
1254 4611 1354 4676 Turelr
1371 4619 1402 4676 31
1415 4611 1586 4677 Brudzewo
1603 4613 1714 4696 oppida
1730 4621 1804 4686 situ,
1827 4630 1905 4694 quae
1920 4607 1990 4674 lroet
2005 4630 2037 4674 in

412 4693 510 4759 iudica
524 4696 661 4760 locorum
675 4697 771 4781 Regni
787 4697 931 4762 Poloniae
946 4719 1006 4762 non
1023 4697 1201 4768 inveniatur,
1217 4695 1395 4759 Turecensis
1411 4705 1512 4761 tamen
1529 4695 1689 4781 parochiae
1702 4695 1821 4760 addicta
1832 4714 1897 4758 esse
1910 4689 2037 4768 videtur:
2157 4721 2165 4736 ·

412 4779 554 4843 territorii
570 4787 670 4845 autem
687 4788 719 4844 31
733 4781 864 4865 regionis
879 4781 1059 4848 Coninensis
1076 4789 1131 4844 est
1159 4779 1339 4844 1131311333
1355 4780 1423 4845 31113
1436 4781 1571 4866 ejusdem
1584 4779 1724 4863 regionis,
1740 4776 1900 4863 parochiae
1914 4777 2035 4843 Dobro·

411 4861 529 4940 niensis,
543 4861 732 4930 Kwaozowo
747 4865 826 4950 apud
841 4865 1079 4931 Domatoricium
1095 4883 1252 4950 perperam
1268 4864 1377 4950 legitur
1391 4864 1410 4928 1.
1427 4885 1451 4929 3.
