4778 5952
1009 759 1053 776 --
1099 721 1182 795 -295
1238 761 1307 788 φ,

1049 1002 1244 1118 otxvt.

470 1221 743 1370 seorsus,
769 1291 926 1358 asso
952 1269 1096 1358 rens
1121 1272 1173 1357 a
1191 1271 1240 1356 a
1265 1269 1467 1360 mesca
1484 1213 1837 1357 meamne

346 1473 659 1548 wladislaus
674 1475 748 1574 ltcx·
755 1475 903 1550 icterico
917 1473 1019 1550 ltotitt
1033 1474 1169 1548 tristius
1183 1476 1306 1566 ingero
1322 1475 1361 1547 tr
1375 1477 1594 1564 accustus,
1608 1474 1762 1550 oraru·
1775 1476 1944 1554 numu

877 1575 953 1650 rittc
969 1592 1028 1649 rua
1042 1577 1182 1665 timisa
1195 1575 1337 1650 inscribit
1351 1578 1400 1662 (¹).

406 1789 662 1890 ¹Wladislaus
684 1798 743 1886 dei
765 1801 896 1921 gracia
918 1799 1004 1887 Rex
1025 1799 1205 1906 Polonie',
1235 1796 1531 1917 Lytbwanieque
1552 1786 1737 1918 Princeps
1758 1831 1956 1919 supremus
2011 1787 2015 1794 ’

326 1933 365 2006 et
383 1919 495 2006 heres
525 1919 680 2034 Russye
702 1935 772 2006 etc.
824 1909 1090 2038 Significamns
1111 1933 1243 2006 tenore
1264 1920 1521 2036 presencium,
1553 1918 1687 2028 quitus
1708 1919 1860 2037 expedit
1880 1922 1957 2007 uni·

254 2051 260 2062 “
326 2039 460 2124 uersis.
512 2034 718 2151 Quomodo
739 2035 865 2125 habito
887 2036 1052 2154 diligenti
1073 2049 1249 2156 respectu
1282 2035 1332 2122 ad
1353 2036 1559 2123 constantis
1579 2035 1766 2127 fidelitatis
1786 2037 1956 2125 studiosa

327 2154 511 2268 obsequia
528 2170 672 2272 etpure
688 2154 777 2240 fidei
791 2155 931 2259 merita,
949 2155 1083 2266 quibus
1096 2147 1241 2242 Nobilis
1257 2153 1440 2242 Cristinus
1452 2153 1617 2271 lllagero
1630 2153 1678 2240 de
1689 2161 1957 2268 Boporcblcow,

326 2274 514 2367 familiaris
529 2285 669 2372 noster,
690 2272 813 2360 tidelis
829 2271 998 2378 dilectus,
1019 2275 1054 2360 in
1076 2286 1435 2388 conspectu‘nostro
1454 2271 1648 2387 plurimum
1664 2273 1900 2391 complacuit,
1922 2287 1958 2361 et
2078 2277 2082 2284 ’

326 2392 563 2496 infuturum,
595 2403 708 2478 aucto
738 2391 926 2478 fidetiaris
947 2391 1092 2496 studio,
1122 2391 1261 2508 poterit
1279 2390 1516 2507 prestancius
1537 2389 1794 2506 complacere:
1825 2391 1959 2478 borum

327 2510 456 2596 intuitu
478 2509 648 2595 volentes
670 2509 809 2624 ipsum,
842 2508 1058 2625 specialium
1081 2509 1295 2624 graciarum
1317 2523 1531 2593 nostrarum
1559 2509 1736 2624 prosequi
1756 2509 1959 2611 fauoribus

327 2643 366 2714 et
385 2625 434 2712 rid
455 2644 584 2713 nostra
612 2625 794 2736 obsequia
815 2625 978 2713 reddere
1000 2627 1175 2728 continuo
1197 2626 1492 2741 prompciorem,
1524 2625 1593 2710 sibi
1623 2627 1659 2711 in
1680 2641 1717 2712 et
1738 2657 1781 2712 su
1811 2627 1959 2714 orvilla

325 2758 457 2834 nostra
476 2749 663 2856 Moylrow,
686 2745 722 2830 in
744 2743 864 2829 Terra
885 2742 1105 2858 Syradiensi
1121 2756 1158 2829 et
1173 2741 1351 2830 Districtu
1369 2742 1657 2858 Pyotrcouiensi
1673 2744 1754 2846 sita,
1776 2655 1959 2834 ducentas
1989 2737 1997 2760 '

326 2892 477 2950 marcas
497 2864 657 2968 numeri,
683 2877 833 2949 monete
855 2877 892 2948 et
911 2861 1091 2979 ponderis
1112 2859 1386 2979 polonioalium,
1409 2859 1662 2978 qnadraginta
1683 2876 1772 2949 octo
1793 2891 1958 2982 grossos

326 2981 547 3069 inmaroam
568 2979 770 3089 quamlibet
791 2979 1057 3094 computando,
1079 2978 1224 3084 damus,
1247 2978 1444 3084 donamus,
1465 2978 1713 3085 inscribimus,
1734 2981 1959 3070 conserimus

327 3109 365 3185 et
384 3111 517 3183 tenore
547 3098 782 3211 presencium
814 3098 1058 3212 assignamus
1078 3095 1128 3181 ad
1150 3098 1223 3182 vite
1245 3097 1360 3213 ipsius
1381 3099 1575 3182 terminum
1597 3097 1758 3183 ultimum
1777 3110 1815 3182 et
1835 3113 1958 3185 extre-

326 3245 437 3302 mum.
490 3212 616 3326 Quam
639 3211 786 3324 quidem
807 3213 930 3316 villam
951 3219 1138 3326 Mcylrow,
1169 3212 1267 3301 idem
1291 3213 1474 3301 Cristinus
1494 3211 1659 3330 Magero
1681 3241 1764 3298 oum
1786 3216 1958 3303 omnibus

326 3348 365 3422 et
383 3331 541 3450 singobs
572 3332 689 3448 ipsius
721 3332 954 3436 militaiibus,
984 3332 1185 3437 fructibus,
1218 3332 1413 3435 censibus,
1445 3330 1671 3434 redditibus,
1702 3334 1957 3450 prouentibus,

327 3481 399 3538 neo
418 3479 494 3537 non
514 3450 637 3568 agris,
658 3451 796 3570 pratis,
819 3451 981 3567 campis,
1003 3451 1175 3566 pascuis,
1201 3449 1326 3554 siluis,
1357 3450 1500 3550 borris,
1531 3449 1700 3552 mericis,
1731 3450 1958 3557 nemoribus,

326 3567 438 3686 gaijs,
459 3565 641 3683 virgultis,
661 3566 814 3672 rubetis,
837 3569 1035 3684 quercetiS,
1058 3566 1262 3682 mellilioijs,
1284 3567 1455 3682 sareptis,
1479 3566 1650 3682 stangnis
1671 3567 1765 3677 (sic),
1787 3566 1956 3673 lacubus

326 3682 545 3802 paludibus,
576 3684 745 3802 piscinis,
768 3684 977 3801 piscaturis,
998 3685 1119 3803 aquis,
1139 3712 1398 3803 aquarumque
1418 3681 1652 3784 decursibus,
1673 3684 1806 3803 lluuijs,
1827 3686 1957 3801 rywis,

325 3801 573 3908 torrentibus,
603 3799 843 3907 molendinis,
864 3801 1109 3890 emolimentis
1131 3801 1359 3904 eorumdem,
1380 3802 1597 3917 attinenoijs,
1618 3803 1868 3920 pertinencijs,
1889 3831 1957 3918 ap-

326 3918 474 4038 pendijs
494 3933 533 4005 et
552 3919 848 4008 obuencionibus
870 3921 1054 4008 uniuersis
1074 3921 1124 4008 ad
1145 3923 1265 4038 ipsam
1287 3920 1409 4008 villam
1439 3922 1613 4033 Moytorc
1635 3923 1890 4040 spectantibus
1907 3920 1957 4008 ab

312 4038 501 4156 lacuque,
530 4038 688 4143 tenebit,
721 4036 891 4145 babebit,
922 4041 1132 4146 utilruetur,
1162 4055 1200 4126 et
1226 4038 1384 4157 pacifice
1411 4037 1460 4126 ad
1489 4043 1564 4128 vite
1584 4069 1653 4125 sue
1672 4039 1887 4143 terminum,
1919 4052 1958 4124 ut

325 4155 530 4272 prefertur,
560 4154 777 4270 possidebit
831 4156 920 4272 lpso
951 4173 1077 4246 autem
1107 4158 1156 4245 ab
1186 4157 1259 4246 bac
1290 4159 1374 4244 luce
1405 4155 1634 4259 decedente,
1664 4155 1847 4241 exsolutis
1877 4156 1956 4242 suis

325 4269 615 4392 proximioribus
646 4272 706 4357 uel
737 4277 1027 4364 successoribus
1064 4277 1272 4395 legittimis,
1304 4274 1412 4360 dictis
1432 4273 1604 4359 ducentis
1626 4273 1781 4370 marcis,
1813 4272 1956 4360 numeri

326 4387 507 4510 ponderis
528 4401 566 4476 et
584 4403 736 4476 nanee
754 4389 1027 4506 predictorum:
1053 4391 1222 4508 predicte
1241 4391 1326 4479 ville
1344 4397 1519 4504 Moytcw
1539 4390 1735 4508 possessio
1756 4387 1806 4475 ad
1828 4421 1899 4478 nos
1917 4406 1957 4479 et

327 4537 577 4597 successores
596 4520 978 4612 nostrosreuertetur
999 4524 1036 4596 et
1054 4508 1214 4596 reddibit
1235 4508 1316 4620 (sic)
1337 4509 1450 4626 pleno
1471 4508 1569 4614 iore3
1599 4506 1772 4595 omnibus
1792 4520 1956 4595 attamen

429 4754 472 4839 (Ι)
499 4755 726 4908 Ειιαζώιιγέο
739 4758 973 4824 membranaceo
988 4713 1020 4822 iri
1033 4757 1223 4825 Verrrriouri
1237 4756 1387 4826 tabulario
1401 4756 1523 4842 publico
1544 4757 1640 4841 Regni
1662 4753 1807 4822 Polouioc
1820 4755 1876 4824 Νω
1891 4755 1954 4824 406

327 4846 496 4912 usonem
524 4838 662 4926 Sigrlum
699 4851 775 4909 eost
808 4842 924 4909 Tubulo
939 4841 1086 4930 praecisa.
