4788 5926
997 700 1369 804 ‚ffro-

428 903 632 1008 miriensis,
672 902 810 988 Petrus
840 901 937 988 lilius
972 899 1218 1018 Dirszioragii
1255 899 1513 988 Canoellarius
1528 897 1590 1010 (i)
1625 900 1912 1004 Craooviensis,
1949 899 2058 988 Sudo

427 1019 819 1129 Suboanoellarius(?)
836 1015 915 1131 (¹⁰),
945 1017 1117 1104 Kilienus
1138 1017 1352 1129 Subjudex,
1373 1016 1606 1105 Przibislaus
1627 1017 1864 1136 Subdapiler‚
1885 1018 2058 1106 loannes

430 1139 707 1255 Subpinoerna‚
729 1136 949 1257 Boguslaus
970 1135 1018 1222 de
1038 1131 1270 1241 Sauciot¹¹),
1292 1135 1462 1222 Jaoobus
1483 1135 1580 1223 filius
1602 1134 1800 1242 Paooslai,
1821 1136 1940 1224 Sulko
1960 1135 2058 1224 lilius

335 1311 354 1346 t
427 1257 645 1361 Michaelis,
676 1256 935 1360 Artinanusl‘l)
959 1253 1177 1372 Physious,
1207 1253 1387 1342 Valterus
1410 1253 1658 1374 Capelianus,
1690 1251 1897 1341 Nedaneoh
1919 1252 2058 1370 Capel-

428 1375 547 1468 lanus.
596 1373 735 1461 Datum
762 1403 863 1462 anno
891 1375 1039 1492 gratiae
1068 1371 1268 1458 lllillesimo
1296 1370 1554 1460 ducentesimo
1577 1373 1889 1572 quinqusssim
1912 1385 2057 1490 quarto,

429 1507 564 1612 quarto
585 1490 782 1581 Kalendas
803 1487 1059 1604 Junii(t)(¹2)‚
1079 1491 1117 1576 in
1136 1491 1264 1608 vigilia
1283 1487 1555 1604 Apostolorum
1575 1488 1680 1574 Petri
1700 1501 1738 1572 et
1791 1485 1875 1574 auli.

529 1707 584 1792 (¹⁰)
614 1708 676 1786 Qui
692 1704 895 1772 cancellarius
910 1711 942 1767 ot
955 1701 1216 1770 Suboauoellarius
1231 1721 1389 1788 perperam
1405 1699 1455 1769 hio
1468 1711 1615 1770 vooautur
1633 1703 1744 1771 Petrus
1759 1711 1791 1770 et
1804 1701 1925 1776 Saudo,
1946 1702 2057 1768 horum

288 1851 302 1874 ,
427 1791 477 1858 ille
492 1791 700 1866 Camerarius,
724 1787 1035 1857 hio'Suboamerarius
1050 1795 1116 1852 erat
1131 1785 1352 1866 cracoviensis,
1373 1795 1407 1853 ut
1421 1788 1509 1855 uobis
1525 1811 1542 1854 e
1557 1789 1688 1873 quadam
1705 1789 1807 1854 tabula
1823 1785 1959 1873 ejusdem
1975 1785 2059 1852 1254

376 1896 379 1906 ¹
428 1875 498 1942 enni
513 1876 543 1940 iu
557 1874 708 1940 tabulario
723 1871 855 1958 Capituli
870 1870 1016 1939 eeclesiae
1032 1870 1214 1937 cathedralis
1230 1871 1438 1938 Craeoviensis
1453 1879 1604 1939 asservata
1618 1870 1723 1958 liquet,
1745 1893 1824 1958 quae
1839 1871 1936 1936 multo
1952 1869 2058 1955 mojori

428 1960 489 2029 fide
511 1960 600 2044 digna
615 1966 671 2026 ost.
708 1956 796 2024 Conl.
812 1958 841 2022 in
856 1957 1018 2026 Nakielscii
1039 1955 1210 2022 Mioehovia
1234 1956 1271 2040 (p.
1298 1956 1367 2039 176)
1389 1955 1525 2023 tabulam
1547 1957 1618 2021 anni
1643 1956 1741 2034 1256,
1763 1955 1927 2042 quaidem
1948 1953 2058 2022 Petne

430 2043 624 2113 Camerarius
639 2041 848 2110 Creooviensis
864 2043 943 2108 filius
958 2063 1019 2107 non
1034 2040 1176 2106 Dirsicrai
1192 2041 1245 2106 sed
1261 2041 1321 2106 Viti
1338 2040 1495 2125 eujusdam
1510 2061 1576 2106 esse
1592 2041 1711 2106 dieitur.

460 2211 512 2278 teu
531 2127 603 2277 (sstd
617 2124 694 2191 vitta
711 2124 890 2210 paroehialis
905 2125 1007 2192 Sonitu
1020 2123 1068 2190 vel
1084 2123 1188 2190 Souka
1202 2125 1282 2190 diota
1296 2123 1438 2190 territorii
1454 2124 1652 2210 Reipublicae
1669 2123 1877 2192 Creoorieusis
1893 2122 1993 2190 ioman
2009 2121 2058 2189 hio

429 2211 460 2277 in
515 2211 523 2226 '
544 2231 582 2277 en
605 2217 690 2276 aest.
713 2221 714 2224 ’

513 2231 588 2380 list)
616 2296 704 2360 Hane
718 2294 808 2360 etiam
824 2293 1004 2380 Dlugossius
1020 2295 1038 2360 l.
1054 2315 1078 2359 e
1094 2290 1207 2359 indicat
1218 2289 1402 2359 fundationis
1413 2293 1588 2360 monasterii
1602 2293 1889 2378 Knytanovioensis
1900 2291 1991 2370 diem,
2006 2291 2058 2376 qui

429 2387 461 2446 ot
473 2377 557 2444 villas
573 2378 708 2464 ejusdem
725 2379 818 2456 duos,
839 2380 888 2444 hio
902 2377 1020 2444 silentio
1036 2375 1283 2463 praetermissae,
1309 2378 1420 2443 Kestrz
1434 2379 1549 2444 seilicet
1563 2387 1594 2444 et
1608 2377 1825 2454 Be'emotowioe
1840 2377 1872 2441 in
1887 2373 2012 2453 Galieia,
2027 2381 2059 2441 ot

427 2461 550 2550 quidem
572 2461 602 2528 in
617 2461 773 2530 territorio
796 2463 966 2529 Boolmensi
988 2464 1061 2528 sites
1075 2464 1197 2529 indicet.
1232 2462 1292 2528 Sed
1308 2483 1403 2547 quum
1418 2463 1484 2528 dies
1498 2463 1609 2528 sanetis
1633 2463 1725 2530 Petro
1740 2469 1772 2527 ot
1785 2459 1881 2526 Paulo
1903 2459 2059 2545 apostolis

427 2555 554 2622 saerata,
569 2546 634 2612 dies
648 2549 691 2612 29
706 2547 818 2612 mensis
832 2548 916 2612 Juuii
931 2549 978 2621 sit,
992 2548 1067 2612 laiso
1082 2548 1131 2614 hie
1144 2549 1253 2629 scripta
1268 2555 1343 2627 puto
1358 2547 1462 2613 rerba:
1476 2557 1606 2632 „quarto
1616 2547 1770 2613 Kelados
1778 2546 1892 2627 ΜΓ,
1907 2543 2057 2631 siquidem

429 2630 493 2698 dies
506 2630 635 2716 „quinto
649 2641 719 2695 omo
732 2630 887 2696 Kalendas
899 2629 993 2696 Joto’·
1008 2631 1121 2697 reotius
1135 2631 1226 2697 soribi
1241 2629 1407 2696 debuisset.

1176 2880 1313 2995 xuv.
1377 2843 1382 2850 ’

589 3079 964 3186 Rosolovtmo,
992 3101 1148 3168 anno
1173 3081 1323 3170 1256
1350 3083 1445 3168 die
1470 3081 1556 3171 21.
1583 3109 1653 3171 on.
1676 3085 1899 3190 Aprilis.

500 3245 796 3324 atomorum·
810 3253 880 3324 tux
892 3252 1149 3327 insederunt
1164 3251 1380 3340 tiernensis,
1395 3253 1516 3327 tuooue
1530 3253 1626 3328 ritae
1648 3257 1828 3331 wiltoniae,
1842 3250 1985 3326 omittit

786 3351 1038 3427 exoneremus
1052 3354 1211 3448 propriae,
1226 3353 1356 3428 eremo
1370 3356 1508 3446 eugenie
1522 3357 1636 3430 uteru
1650 3357 1699 3442 (¹).

529 3537 741 3627 innomine
762 3539 921 3648 domiui,
942 3528 1079 3630 amen.¹
1111 3543 1206 3630 Cum
1228 3559 1374 3662 tempus
1395 3571 1503 3631 more
1523 3545 1741 3662 prolluentis
1762 3543 1862 3630 uude
1882 3546 2058 3634 continue

317 3703 321 3710 ·
428 3669 644 3760 moveatur,
675 3687 769 3772 sepe
790 3689 856 3762 ea,
887 3689 960 3775 que
980 3673 1146 3777 aguntur
1165 3663 1202 3747 in
1223 3677 1403 3779 tempore,
1428 3664 1570 3779 pariter
1590 3675 1770 3751 corruunt
1790 3693 1875 3749 cum
1896 3663 2069 3770 labente,

428 3771 498 3855 nisi
518 3769 652 3855 luerint
670 3772 859 3856 literarum
881 3801 929 3857 ao
950 3777 1095 3860 testium
1112 3776 1264 3888 ydonea
1280 3780 1464 3864 eauoione
1479 3780 1722 3894 perhennata.
1753 3779 1847 3870 lude
1862 3793 1931 3886 est,
1953 3779 2057 3900 quod

428 3914 500 3973 nos
521 3886 737 3975 Semouitus
759 3885 819 3973 dei
833 3889 966 4007 gracia
982 3889 1069 3974 Dux
1088 3891 1265 3980 lllazovie
1286 3905 1323 3977 et
1338 3893 1386 3978 de
1406 3895 1736 4009 Czyrnslrlsiollll
1757 3898 2057 3987 notumiaoimus

323 4026 326 4032 ·
428 4005 625 4112 universis,
646 4021 842 4122 presentes
863 4005 990 4094 literas
1010 4007 1245 4124 inspecturis,
1268 4009 1370 4128 quod
1393 4009 1442 4098 ob
1463 4013 1668 4101 remedium
1689 4031 1904 4105 nostrorum
1920 4045 2057 4134 peeca-

428 4138 569 4226 torum,
609 4124 694 4211 uille
720 4125 917 4241 pertinenti
944 4125 1107 4213 eoelesie
1135 4139 1267 4215 sanote
1301 4125 1422 4216 Marie
1449 4131 1485 4216 in
1516 4137 1779 4246 Czyrwyenslr,
1812 4163 1886 4253 que
1914 4141 2057 4248 Wyloo·

428 4270 550 4352 wyeez
561 4237 617 4351 (³)
638 4242 832 4360 wlgariter
847 4258 1090 4362 nuooupatur,
1112 4246 1223 4331 talem
1240 4243 1411 4334 duximus
1427 4251 1664 4337 emunitatem
1681 4253 1758 4362 (sio)
1775 4252 2055 4360 conferendam,

428 4369 468 4444 ut
482 4355 606 4444 incole
622 4358 792 4472 ejusdem
806 4361 902 4469 ville,
919 4364 1177 4482 cujuscunque
1193 4364 1436 4472 condicionis,
1452 4369 1651 4486 ascriptioij
1668 4400 1736 4456 seu
1748 4369 1867 4474 liberi,
1883 4387 1919 4460 et
1935 4371 2055 4458 eoiam
2192 4366 2197 4377 ’

529 4525 566 4740 pl
598 4573 646 4640 Ex
661 4574 789 4661 antiquo
804 4595 896 4643 manu
910 4577 1023 4726 scripto
1039 4581 1116 4646 libro
1130 4581 1184 4648 ΙΙιιο
1199 4582 1424 4667 privilegiorum
1439 4583 1614 4649 monasterii
1630 4584 1883 4665 Creminsoensis,
1892 4577 1926 4672 p.
1940 4586 1991 4652 46.
2105 4623 2108 4632 ·

428 4742 474 4808 sui
490 4658 866 4830 noionii'ilsslippidum
881 4681 973 4748 paroc
996 4663 1052 4728 isle
1065 4665 1275 4734 Varsavionsis
1289 4667 1442 4744 territorii,
1461 4687 1541 4732 nune
1556 4667 1698 4754 regionis,
1711 4669 1784 4736 olim
1800 4679 1902 4737 autem
1918 4669 2056 4738 Duoatus

530 4824 571 4912 (³)
609 4827 772 4898 ll'r'ttrowiee
785 4829 851 4898 uilla
867 4831 1021 4898 Plooensis
1034 4830 1181 4899 territorii
1196 4843 1227 4902 et
1241 4835 1382 4920 regionis,
1397 4833 1559 4921 parochiae
1575 4835 1823 4907 Czerrinseensis.
