4870 5948
1090 777 1338 848 ..13..

403 980 557 1066 conlero
578 980 727 1096 plenam
752 975 959 1063 libertatem
990 991 1027 1061 et
1056 977 1176 1063 omnis
1207 978 1420 1064 tributariae
1450 979 1638 1066 servitutis
1668 979 1942 1084 immunitatem,
1970 982 2020 1069 ita

403 1094 504 1214 quod
541 1099 710 1183 homines
742 1126 886 1199 eorum,
922 1094 1118 1209 cujuslibet
1132 1094 1377 1202 perditionis
1413 1096 1495 1200 sint,
1526 1095 1576 1181 ad
1612 1097 1747 1182 nullam
1784 1098 2019 1186 saecularem
2106 1145 2134 1175 κ

401 1214 624 1301 audientiam
647 1229 900 1332 provocentur
929 1228 1079 1329 praeter
1109 1228 1287 1319 nostram,
1325 1228 1474 1298 etcum
1504 1214 1611 1299 litera
1641 1230 1770 1300 nostra
1798 1215 1952 1332 ‚quidem
1983 1230 2020 1303 et

401 1332 536 1451 sigillo.
575 1333 636 1418 Ad
654 1348 785 1418 eastra
801 1361 895 1417 vero
911 1329 1166 1418 construenda
1181 1331 1240 1419 vel
1257 1346 1473 1424 constructa
1495 1330 1665 1434 finienda,
1681 1331 1740 1416 vel
1763 1333 2020 1448 eppeditinnes
2058 1383 2063 1394 ·

401 1478 620 1536 communes
640 1449 849 1536 nullatenus
869 1449 923 1535 ire
944 1449 1224 1563 compellantur.
1264 1457 1403 1533 Powoz
1420 1479 1496 1534 non
1527 1447 1676 1552 ducant,
1711 1481 1829 1533 naras
1859 1465 1897 1536 et
1925 1451 2021 1540 alias

395 1567 608 1654 'solutiones
628 1569 779 1654 omnino
801 1597 876 1652 non
899 1565 1057 1652 solvant.
1079 1565 1310 1652 Theloneum
1332 1580 1370 1651 et
1389 1566 1549 1670 naulum,
1565 1565 1767 1652 vendendo
1782 1566 1842 1653 vel
1859 1569 2020 1656 emendo
2090 1581 2094 1596 ⁴

400 1686 480 1772 sive
501 1685 718 1788 itinerando,
739 1716 832 1771 mon
853 1683 1011 1776 solvant.
1052 1683 1254 1772 Sciendum
1286 1699 1493 1800 praeterea,
1524 1682 1626 1802 quod
1653 1685 1774 1770 lorum
1802 1687 2021 1773 monasterii
2086 1743 2094 1762 ·

399 1802 603 1919 supradicti
632 1833 717 1889 cum
747 1802 978 1920 pertinentiis
1011 1803 1091 1887 suis
1121 1801 1347 1888 conductum
1378 1801 1516 1888 nullum
1547 1800 1658 1886 ducit.
1708 1802 1866 1888 Fratres
1893 1819 2018 1889 autem

398 1949 549 2026 causas,
571 1951 668 2040 quae
688 1922 781 2007 inter
801 1920 970 2007 homines
992 1951 1085 2008 suos
1107 1950 1153 2008 ex
1186 1937 1345 2039 utraque
1375 1933 1483 2040 parte
1509 1919 1744 2034 contigerint,
1785 1921 1865 2006 sive
1892 1921 2020 2007 civiles

397 2038 477 2126 sive
505 2039 714 2126 criminales
737 2036 972 2154 judicabunt,
995 2037 1210 2124 solutiones
1239 2038 1352 2124 libere
1381 2039 1578 2154 receptori.
1614 2036 1818 2123 Sciendum
1848 2036 2022 2156 denique,
2164 2067 2175 2088 '

396 2155 499 2272 quod
537 2155 711 2244 dominus
750 2155 889 2241 Petms
943 2155 1178 2242 Gnesnensis
1215 2155 1553 2270 Arcbiepiscopus,
1591 2153 1699 2268 hujus
1735 2156 1855 2241 sancti
1890 2185 2019 2272 operis

396 2271 597 2388 coadjutor
617 2303 705 2358 esse
727 2273 893 2387 cupiens,
934 2270 1059 2357 divina
1081 2272 1316 2358 instinctione
1337 2286 1374 2356 et
1389 2298 1474 2354 mea
1496 2284 1534 2354 et
1554 2269 1733 2357 Fulconis
1752 2271 2020 2358 Cracoviensis

393 2386 576 2508 Episcopi
597 2389 782 2505 petitione,
808 2386 990 2471 decimam
1007 2384 1175 2497 deSytr‘o
1192 2387 1520 2501 compertinentiis
1541 2389 1629 2489 suis,
1651 2385 1831 2471 decimam
1850 2386 1897 2472 de
1912 2396 2019 2492 Belo,

394 2503 443 2592 de
472 2511 660 2608 Lonchno,
706 2503 754 2589 de
783 2509 944 2612 Mr'tejow
970 2499 1059 2613 (¹¹),
1104 2501 1152 2589 de
1171 2506 1343 2613 Stampis,
1381 2501 1429 2586 de
1450 2507 1579 2587 Str'bor
1606 2516 1642 2588 et
1670 2509 1915 2588 Domecelaoz
1943 2499 2019 2616 (¹²)

394 2623 550 2710 contulit
570 2611 712 2708 eisdem
742 2619 928 2706 iratribus.
949 2616 1164 2706 Ecclesiam
1198 2650 1349 2738 quoque
1380 2618 1428 2704 de
1457 2621 1707 2732 Beldrzylcdw
1738 2649 1822 2704 cum
1853 2620 2020 2728 decimis

394 2738 581 2828 decimam
602 2736 651 2824 de
671 2743 861 2842 Standcu,
899 2736 948 2822 de
972 2741 1134 2840 thecna,
1163 2736 1212 2821 de
1235 2732 1513 2848 Pasturow(¹³)
1545 2736 1718 2840 contulit,
1756 2750 1793 2821 et
1818 2737 1932 2856 ‘sigilli
1960 2741 2019 2826 sui

394 2874 431 2946 et
459 2857 575 2947 nostri
611 2872 647 2943 et
687 2855 867 2942 Falconis
902 2851 1085 2972 Episcopi
1123 2854 1389 2942 Cracoviensis
1425 2856 1623 2942 munimine
1663 2854 1873 2942 roboravit.
1920 2857 2017 2944 Acta

396 2992 481 3063 sunt
499 2975 595 3062 haec
615 3004 716 3062 anno
737 2974 786 3060 ab
802 2973 1058 3060 incarnatione
1078 2971 1217 3060 domini
1232 2969 1490 3058 tllCLXXVP
1512 2973 1549 3058 in
1565 2971 1728 3059 ecclesia
1744 2975 1865 3060 sancti
1887 2971 2017 3062 Blasii.

491 3291 548 3375 (Η)
577 3291 668 3388 liubin
683 3298 715 3354 et
727 3247 843 3388 lictae
857 3289 944 3388 villae
959 3289 996 3388 ad
1012 3245 1186 3388 parochiam
1209 3291 1347 3390 bulejdv
1362 3291 1564 3375 pertinentes,
1585 3266 1717 3375 Mttqte
1738 3289 1806 3356 villa
1826 3290 2016 3376 parochialis,
2122 3341 2124 3345 ·

391 3395 498 3444 omnes
514 3374 586 3441 Sule
599 3396 686 3440 ovrae
702 3395 868 3457 proxrmae,
883 3397 913 3438 ιιι
928 3391 1052 3458 regione
1068 3375 1285 3442 Petrrcovrensr
1298 3385 1384 3444 ntae.

491 3459 547 3542 (¹²)
577 3399 718 3544 dtampis,
739 3458 849 3532 Stibor,
870 3459 1067 3523 Domecelcoz
1082 3459 1293 3542 (Dorueczelan
1310 3460 1389 3542 apud
1412 3458 1630 3544 Dlugossium),
1651 3465 1792 3541 corrupta
1808 3457 1930 3521 nomina
1946 3480 2015 3524 esse

390 3550 465 3628 puto
490 3543 626 3608 villarum
657 3542 783 3627 sepite
809 3541 969 3624 parochiae
997 3542 1238 3624 wojtoviensis,
1267 3545 1398 3627 regionis
1424 3543 1622 3617 sirmiensis,
1650 3541 1697 3606 vel
1720 3541 1830 3627 Stpplrc
1852 3541 2014 3625 parochiae

388 3627 679 3712 Wygielzoviensis‚
702 3625 834 3709 regionis
855 3625 1097 3697 Szadcoviensis;
1120 3625 1286 3691 Stolnicr'ne
1301 3627 1463 3712 parochiae
1484 3625 1716 3714 Sulejoviensis,
1737 3635 1769 3690 et
1783 3626 2015 3692 Domieclrowr'ce

389 3709 551 3796 parochiae
567 3709 834 3788 Belchatoviensis,
849 3710 953 3774 ambas
968 3730 1039 3774 vero
1055 3711 1186 3794 regionis
1202 3712 1443 3777 Petricoviensis.

487 3795 548 3878 (¹³)
577 3794 719 3860 Standdro
734 3793 817 3879 quod
832 3793 923 3880 paulo
938 3793 1077 3877 superius
1094 3795 1235 3872 venece,
1263 3797 1346 3876 apud
1362 3795 1559 3881 Dlugossium
1575 3795 1666 3862 etiam
1681 3794 1811 3862 Taniow
1826 3793 1939 3860 dictum
1956 3801 2014 3872 est,

388 3899 520 3946 necnon
543 3875 694 3944 Cleonem
715 3887 746 3943 et
767 3877 1054 3944 Paraetacene
1070 3877 1100 3943 iu
1115 3879 1172 3946 hac
1187 3881 1340 3963 provincia
1362 3883 1555 3966 quaesiveris.
1592 3882 1674 3947 Vero
1697 3900 1758 3944 non
1780 3878 1917 3944 absimile
1940 3876 2012 3944 mihi

388 3969 490 4030 umen
506 3963 632 4038 videtur,
647 3962 694 4028 br'c
709 3962 837 4028 devitiis
853 3963 1009 4028 Dioecesis
1025 3963 1231 4030 Cracoviensis
1246 3967 1387 4032 omnibus
1400 3967 1488 4032 simul
1504 3965 1620 4049 regioni
1636 3963 1842 4048 Szydtoriansi
1856 3962 2014 4047 adscriptis

388 4046 597 4196 apgigagrrkapum
612 4047 726 4198 scpgcet
747 4046 975 4196 Stnhrp'oreilpfiad
992 4047 1165 4144 parochiam
1186 4047 1403 4200 {luborpenthm
1432 4049 1571 4116 (litatem
1586 4047 1624 4116 ad
1639 4045 1814 4134 parochiam
1829 4047 2013 4128 Kutuszdvr,

416 4151 436 4194 a
484 4151 502 4199 r
554 4151 627 4198 vero
696 4150 789 4215 paroc
821 4151 871 4196 am
910 4152 1131 4200 rcuovreusem
1147 4153 1185 4219 pe
1225 4154 1263 4198 ne

2084 2765 2115 2830 7
