4780 5922
1050 825 1320 896 -220-

366 1029 500 1116 eodem
528 1030 676 1118 nomine
707 1003 793 1112 Colo
819 1024 1072 1143 appellandis,
1092 1029 1236 1112 'omnes
1259 1025 1364 1111 simul
1387 1025 1550 1143 quinquo
1582 1025 1656 1110 inta
1678 1053 1831 1113 mansos
1856 1025 1992 1143 Mayd·

416 1177 577 1266 rgenses
613 1146 863 1245 continentes,
892 1145 978 1260 jure
1014 1144 1226 1231 theutonico
1265 1143 1398 1258 prelati
1435 1143 1518 1252 (εἰσ)
1552 1053 1875 1260 llaydburgensi,
1917 1176 1992 1262 quo

395 1264 508 1351 audet
530 1263 672 1349 Civitas
693 1276 822 1348 nostra
845 1269 988 1347 Brezst.
1033 1260 1076 1346 ln
1096 1291 1170 1378 qua
1191 1260 1341 1378 quidem
1363 1262 1509 1346 civitate
1530 1258 1711 1366 locanda,
1738 1261 1887 1377 publice
1908 1292 1992 1377 pro·

279 1293 503 1509 fluendo
538 1379 870 1498 recognoscimus:
907 1379 1052 1497 prelato
1082 1378 1253 1466 Henrico
1285 1379 1440 1497 suisque
1469 1379 1570 1464 veris
1603 1394 1640 1463 et
1666 1378 1852 1496 legittimis
1883 1380 1991 1465 here·

141 1503 145 1514 '
364 1499 474 1586 dibus
504 1528 551 1585 ac
581 1497 889 1601 successoribus,
920 1496 1168 1582 advocaciam
1190 1496 1286 1584 dicte
1308 1496 1464 1582 civitatis
1486 1494 1667 1600 locande,
1704 1524 1773 1611 pro
1794 1497 1991 1614 sexaginta

344 1619 501 1710 ¹marcis
522 1616 767 1733 pragensium
789 1643 1035 1730 grossorum,
1067 1615 1208 1699 numeri
1231 1613 1451 1730 polonicalis
1471 1611 1649 1698 xtvllu
1668 1613 1888 1699 iaciencinm
1909 1615 1991 1725 (εἰσ)

270 1736 331 1835 ,f
366 1763 531 1820 marcam
553 1731 723 1838 eandem,
747 1761 816 1847 pro
839 1762 882 1818 se
903 1747 939 1816 et
960 1761 1029 1816 sua
1050 1732 1267 1846 posteritate
1288 1731 1422 1818 ementi
1444 1746 1479 1816 et
1501 1730 1582 1842 (εἰσ)
1604 1731 1889 1834 racionabiliter,
1911 1733 1991 1837 rite,

365 1850 599 1955 vendidisse,
632 1847 835 1967 dequibus
857 1877 928 1935 nos
949 1862 1118 1935 tenemus
1143 1864 1306 1966 pagatos
1338 1861 1375 1934 et
1394 1863 1609 1950 contentos,
1642 1877 1725 1933 cum
1746 1848 1992 1935 adinnccione

365 1969 521 2058 duarum
556 1967 815 2055 sculteciarum
848 1966 1028 2052 dictarum
1050 1965 1217 2056 villarum
1240 1966 1355 2068 Colo,
1387 1981 1426 2051 ut
1445 1967 1639 2084 prefertur,
1670 1965 1989 2054 nominandarum.

365 2086 477 2201 Quas
498 2084 595 2172 idem
615 2083 803 2172 Henricus
825 2083 873 2168 de
894 2097 1025 2171 nostro
1046 2083 1279 2201 beneplacito
1302 2099 1334 2171 et
1358 2113 1557 2188 consensu,
1580 2082 1783 2170 ascultetis
1803 2082 1991 2198 predicta-

364 2236 445 2291 rum
483 2203 650 2291 villarum
688 2231 756 2319 pro
794 2215 901 2288 sexta
938 2199 1059 2287 media
1097 2231 1225 2287 marca
1263 2201 1444 2288 dictorum
1483 2229 1706 2320 grossorum
1737 2203 1990 2319 pragensium,

362 2321 640 2409 racionabiliter
670 2321 775 2426 emit,
806 2349 876 2435 per
907 2318 1060 2406 eosdem
1092 2319 1358 2438 resignacione
1387 2319 1610 2423 subsecuta,
1643 2347 1728 2404 curn
1757 2320 1927 2407 omnibus
1955 2332 1992 2405 et

268 2421 344 2544 f
364 2441 421 2528 sin
476 2440 521 2528 lis
546 2437 739 2541 comodis,
771 2438 982 2534 utilitatibus
1013 2449 1052 2523 et
1079 2437 1323 2555 proventibus
1354 2435 1658 2549 quibuscunque,
1690 2437 1751 2548 qni
1779 2447 1816 2522 et
1843 2465 1916 2550 que
1944 2468 1991 2524 eu

364 2470 498 2644 eadelm
527 2555 750 2642 Advocacia
778 2569 815 2641 et
835 2555 1003 2642 scultetis
1030 2553 1111 2664 (sic)
1133 2553 1331 2671 predictis,
1363 2553 1591 2642 succedente
1612 2569 1801 2670 ternpore,
1831 2555 1992 2672 poterint

364 2674 459 2786 (εἰσ)
492 2665 641 2759 dirivari
671 2669 785 2784 (sic),
821 2668 1036 2772 habendas,
1069 2670 1252 2758 tenendas
1284 2687 1318 2759 et
1349 2673 1539 2790 perpetuis
1572 2668 1800 2788 temporibus
1831 2669 1989 2788 pacifice

364 2785 637 2910 possidendas,
667 2819 738 2876 nec
762 2819 837 2875 non
859 2785 1098 2892 vendendas,
1130 2788 1347 2896 donandas,
1378 2788 1614 2896 alienandae,
1648 2785 1890 2908 obligandas,
1921 2809 1995 2876 seu·

364 2903 668 3010 commutandas,
699 2918 736 2991 et
755 2936 824 3022 pro
845 2906 944 2993 libito
966 2937 1034 2992 sue
1055 2903 1265 3011 voluntatis,
1288 2923 1325 2994 et
1345 2937 1498 2996 suorum
1520 2923 1767 3025 posterorum,
1788 2902 1836 2994 de
1857 2905 1988 2994 Advoss

365 3027 470 3112 cacia
492 3040 529 3111 et
548 3024 745 3140 Scultecijs
767 3023 962 3139 predictis,
993 3021 1109 3110 libere
1128 3022 1397 3144 disponendas.
1448 3025 1552 3112 ldem
1574 3049 1724 3136 quoque
1745 3020 1933 3112 Henricus
1951 3033 1991 3110 'et

264 3139 338 3226 β’
365 3172 435 3229 sua
454 3144 671 3259 posteritas,
703 3142 856 3228 racione
877 3143 1084 3230 locacionis
1105 3143 1263 3234 civitatis
1283 3143 1494 3232 huiusmodi
1522 3158 1558 3230 et
1578 3141 1830 3261 predictarum
1863 3141 1990 3231 Advo-

365 3261 471 3346 cacie
507 3275 544 3348 et
573 3259 842 3346 Sculteciarum
874 3261 1100 3377 empcionis,
1136 3261 1371 3380 infrascripta
1402 3259 1502 3349 bona
1539 3276 1576 3348 et
1606 3262 1685 3346 iura
1721 3261 1988 3376 imperpetuum

237 3397 238 3400 ‘
363 3377 555 3481 obtinebit,
582 3377 734 3464 habebit
754 3377 966 3492 etpacifice
1015 3376 1207 3465 ossidebit.
1255 3377 1305 3466 Et
1323 3381 1441 3496 primo
1463 3377 1637 3465 videlicet
1656 3392 1815 3490 quatuor
1835 3406 1989 3464 mansos

364 3493 502 3582 liberos
531 3493 619 3580 dicti
649 3497 738 3582 iuris
765 3493 963 3582 theutonici
987 3407 1376 3616 blaijdembnrgensis
1397 3497 1542 3610 absque
1564 3498 1663 3582 omni
1684 3495 1843 3584 dacione
1864 3496 1989 3582 cuius·

320 3691 343 3729 κ
363 3611 449 3700 libet
470 3616 543 3716 rei,
575 3612 689 3698 dandi
711 3614 868 3727 cuipiam
890 3614 938 3700 ab
960 3612 1113 3700 eisdem.
1153 3613 1264 3716 Item,
1295 3614 1394 3701 dnos
1417 3631 1520 3702 ortos
1541 3611 1679 3700 liberos
1701 3615 1794 3702 sitos
1815 3614 1851 3698 in
1872 3611 1991 3699 insula

364 3732 558 3846 pertinenti
581 3727 630 3812 ad
652 3729 809 3814 eandem
832 3731 1028 3817 civitatem.
1080 3730 1182 3816 ldem
1205 3731 1307 3843 (εἰσ),
1339 3730 1489 3818 domum
1519 3745 1556 3817 et
1576 3733 1716 3818 curiam
1747 3731 1922 3836 liberam,
1953 3730 1989 3816 in

364 3845 497 3934 eadem
530 3847 687 3932 civitate.
739 3845 830 3930 Item
850 3846 1034 3936 balneum.
1087 3846 1177 3934 Item
1206 3848 1254 3933 de
1278 3851 1448 3936 omnibus
1476 3850 1634 3936 cameris
1662 3851 1740 3934 suis
1769 3847 1990 3966 operatorijs

239 4042 244 4052 ,
365 3966 667 4078 quibuscunque,
700 3979 735 4050 et
756 3962 1036 4076 qualescunque
1058 3965 1142 4051 inibi
1163 3980 1337 4081 poterunt
1356 3964 1541 4072 edificari,
1573 3965 1807 4084 carnificum,
1839 3995 1989 4084 panum,

365 4097 530 4169 sutorum
563 4095 600 4167 et
625 4111 854 4198 pannorum,
886 4083 1037 4168 terciam
1070 4097 1223 4197 partem.
1273 4082 1377 4168 ldem
1408 4083 1596 4172 Henricus
1627 4081 1835 4172 advocatus
1867 4097 1904 4170 et
1933 4081 1990 4170 sui

364 4200 504 4314 posteri
539 4198 728 4286 habebunt
763 4215 799 4286 et
830 4201 1044 4315 optinebunt
1083 4201 1196 4312 (εἰσ),
1233 4199 1537 4290 contradiccione
1572 4227 1878 4314 quorumcunque
1915 4232 1988 4287 non

366 4314 560 4420 obstante,
592 4317 660 4402 illis
692 4317 850 4404 cameris
882 4317 1064 4405 duntaxat
1094 4321 1281 4437 exceptiS,
1312 4343 1384 4430 qne
1406 4320 1566 4406 ecclesie
1595 4317 1729 4408 ibidem
1752 4315 1932 4437 erigendo
1953 4333 1992 4406 et

363 4432 573 4539 lundande,
606 4464 678 4519 una
700 4465 784 4550 oum
806 4435 888 4550 alijs
910 4435 1176 4554 perpetuandis
1208 4436 1303 4552 (εἰσ)
1325 4437 1460 4524 rectori
1481 4439 1616 4553 ipsius,
1648 4437 1708 4546 qui
1729 4466 1797 4555 pro
1820 4449 1989 4551 ternpore

363 4553 487 4656 luerit,
524 4550 747 4669 deputentur
782 4553 864 4662 (εἰσ)
901 4569 938 4640 et
972 4553 1233 4674 adjungentur.
1287 4554 1379 4642 ltem
1416 4553 1684 4659 molendinum,
1721 4553 1821 4667 quod
1858 4552 1989 4640 melius

365 4685 584 4757 construere
625 4672 761 4786 poterit
801 4671 836 4755 in
873 4669 986 4756 ssuvio
1022 4672 1122 4760 dicto
1162 4677 1330 4775 Vetscza,
1377 4702 1460 4757 cnm
1498 4674 1668 4758 omnibus
1704 4668 1989 4758 necessitatibus

317 4856 321 4864 .
365 4786 646 4894 construendis
676 4802 713 4874 et
733 4786 945 4874 utilitatibus
967 4789 1222 4904 spectantibus
1243 4788 1291 4875 ad
1314 4789 1412 4874 illud.
1463 4790 1552 4876 ltem
1584 4789 1619 4876 in
1647 4788 1719 4876 alio
1746 4788 1859 4875 lluvio
1887 4789 1988 4874 dicto

373 4908 542 5002 Wartlo,
579 4920 614 4990 et
646 4936 714 5020 per
750 4918 864 4991 totum
900 4904 1020 5021 ipsum
1057 4906 1208 4994 fluvium
1242 4907 1394 4994 liberam
1432 4910 1659 5026 piscaturam
1696 4937 1780 4994 curn
1817 4907 1989 4994 omnibus
