4778 5952
1029 708 1303 798 auor-

354 945 520 1018 nostoam
550 929 720 1064 grooiom
748 943 788 1015 et
807 925 985 1014 indultum
1009 923 1146 1062 aliquid
1168 923 1343 1041 contrarij
1364 937 1505 1009 temere
1525 938 1705 1014 attentare
1725 926 1978 1044 presumserit,
2133 919 2138 927 ’

282 1058 286 1064 ’
353 1063 522 1135 nostram
556 1044 645 1133 mdc
678 1072 838 1160 gravem
868 1043 1169 1163 indignacionem
1201 1071 1245 1128 sc
1274 1042 1422 1130 noverit
1452 1043 1715 1128 incursurum.
1747 1041 1893 1133 Harum
1910 1046 1982 1164 (¹⁵),
2079 1048 2082 1054 ’

200 1203 203 1208 ·
355 1165 515 1285 sigillum
530 1176 662 1252 nostre
676 1163 888 1280 Majcstotis
903 1177 961 1249 cst
977 1188 1197 1278 appensum,
1214 1159 1425 1247 testimonio
1441 1160 1642 1246 literarum.
1670 1159 1809 1250 Datum
1828 1167 1865 1252 in
1885 1170 1981 1254 Sors·

355 1293 454 1382 dccx,
477 1280 537 1369 die
553 1282 675 1368 sancti
695 1279 854 1369 Gotardi
874 1280 1063 1395 Martyris,
1084 1305 1184 1364 anno
1205 1275 1345 1365 domini
1366 1272 1559 1366 millesimo
1580 1281 1842 1368 trecentesimo
1865 1313 1981 1372 nonc·

354 1401 501 1518 gesimo
521 1399 651 1486 torcio.
825 1447 829 1459 ‚

455 1522 579 1604 taso:
606 1513 838 1604 Wladislaos
859 1513 919 1602 dei
940 1515 1070 1634 gracia
1090 1513 1178 1601 Rex
1194 1512 1357 1599 ‘Polonie
1374 1528 1444 1600 eto.
1481 1513 1673 1602 Fidelibus
1694 1518 1832 1604 nostris
1855 1517 2010 1638 Castrj,
2155 1560 2158 1576 ¹

354 1635 470 1721 nostri
492 1631 763 1746 Czomstin(¹⁶)
785 1633 1014 1752 Capitoneis,
1045 1634 1106 1750 qui
1127 1660 1198 1749 pro
1219 1634 1553 1752 temporeluerint,
1573 1661 1621 1718 ac
1642 1637 1879 1751 presentibus
1899 1637 1983 1757 alijs

353 1744 397 1838 r'e
449 1749 610 1855 iren'dis,
640 1753 811 1871 graciam
842 1751 986 1869 regiam
1017 1763 1054 1837 ct
1074 1778 1186 1836 omne
1210 1750 1359 1849 bonum.
1406 1750 1558 1838 Fideles
1579 1755 1708 1840 nostri.
1754 1753 1982 1846 Mandamus

353 1899 404 1957 vo
431 1870 463 1956 is
494 1871 638 1956 seriose
664 1869 935 1986 precipientes,
967 1880 1151 1986 quatenus
1182 1867 1317 1954 iratres
1349 1867 1489 1955 ordinis
1524 1868 1797 1977 Cartusiensis,
1829 1887 1982 1964 nostros

351 1985 648 2093 deuotus,=ciroa
671 1988 796 2072 literas
818 1986 909 2104 ipsis
930 2016 998 2106 per
1019 1984 1305 2072 Surenissimam
1327 1985 1539 2102 Principem
1560 1987 1747 2076 dominam
1767 1985 1982 2110 lleduigr'm,
2033 1997 2036 2008 ⁴

287 2205 291 2212 ¹
355 2102 441 2192 olim
461 2103 651 2224 Reginam
672 2103 842 2208 Polonie,
865 2119 1029 2190 nostram
1051 2116 1267 2210 consortem
1288 2105 1518 2190 carissimam
1540 2102 1662 2214 datas,
1693 2135 1924 2194 conseruare
1946 2127 1984 2198 et

355 2234 482 2310 tenere
499 2221 680 2309 debeatis.
707 2220 894 2339 Ipsosque
908 2219 1141 2324 molendinis,
1157 2219 1319 2335 piscinis,
1336 2220 1503 2325 lacubus
1519 2221 1728 2338 piscaturis,
1745 2223 1930 2339 pratisl¹⁷l
1947 2243 1984 2316 et

355 2338 517 2457 quadam
535 2339 656 2428 insula
671 2339 765 2425 ultra
786 2339 1003 2454 Dunayecz,
1025 2353 1062 2424 et
1082 2337 1162 2454 clijs
1183 2338 1451 2424 vexacionibus
1471 2339 1651 2456 impedire
1673 2344 1820 2427 minime
1841 2343 1983 2432 debea-

354 2461 418 2563 tis,
450 2459 551 2543 ioxto
582 2472 749 2544 tenorem
782 2457 968 2543 literarum
990 2455 1215 2560 earundem,
1247 2455 1346 2542 aliud
1367 2485 1438 2571 pro
1458 2455 1590 2574 gracia
1611 2472 1741 2568 nostra
1760 2461 1886 2546 lacere
1908 2491 1982 2549 non

354 2577 494 2663 ausuri.
545 2574 683 2661 Datum
704 2576 740 2660 in
760 2571 920 2690 Leopoli
940 2573 1038 2658 leria'
1051 2586 1185 2687 quarta
1205 2575 1376 2687 proxima
1407 2589 1494 2660 ante
1526 2573 1692 2690 Colyxti,
1724 2605 1825 2664 anno
1845 2575 1983 2665 domini

353 2691 406 2778 M.
429 2690 582 2779 CCCC.
602 2693 782 2778 vicesimo
803 2692 941 2808 quinto.
981 2688 1164 2776 Dominus
1184 2689 1271 2776 Rex
1291 2722 1360 2807 per
1380 2721 1434 2776 se.
1834 2705 1836 2710 “

455 2808 587 2926 ltaque
608 2839 679 2895 nos
701 2809 858 2926 supplici
878 2809 1030 2894 fratrum
1052 2804 1270 2894 eorumdem
1292 2807 1611 2896 Canthusiensium
1628 2812 1823 2926 peticione,
1844 2843 1891 2900 ac
1906 2812 1984 2900 lite·

353 2957 479 3015 rarum
494 2928 783 3042 preinsertarum
800 2926 941 3044 dignita
957 2925 1039 3036 (sic)
1057 2923 1290 3013 confidencia
1307 2926 1389 3037 (sic)
1403 2921 1474 3038 (¹⁸),
1497 2941 1599 3014 tanto
1616 2929 1795 3015 libencius
1809 2933 1982 3047 peticioni
2077 3003 2080 3010 .

354 3045 520 3160 ipsorum
543 3045 814 3148 consensimus,
843 3058 982 3154 quanto
1003 3041 1211 3127 fiducialius
1232 3073 1439 3160 speramus,
1461 3074 1532 3131 nos
1554 3073 1876 3158 successoresque
1897 3079 1984 3136 nos·

355 3176 452 3266 troS,
485 3191 533 3246 ex
563 3189 693 3248 eorum
725 3159 983 3266 oracionibus,
1015 3158 1238 3274 sempiterne
1267 3159 1397 3246 salutis
1418 3176 1454 3247 et
1474 3161 1632 3247 lelicium
1654 3193 1898 3252 successuum
1915 3197 1984 3254 au-

409 3293 509 3376 ¹enta
526 3294 811 3385 consecuturos3
832 3307 906 3366 non
923 3308 993 3394 per
1008 3305 1187 3380 errorem,
1206 3294 1270 3365 out
1286 3278 1505 3395 improvide,
1527 3278 1594 3364 sed
1616 3277 1664 3364 de
1685 3297 1787 3370 certa
1809 3286 1985 3390 sciencia,

355 3308 707 3508 ddliberacioneque
724 3412 876 3498 nostra,
907 3425 955 3482 ac
975 3395 1024 3482 de
1044 3393 1201 3498 consilio
1223 3397 1519 3483 consiliariorum
1539 3411 1765 3501 nostrorum,
1791 3400 1984 3518 priuilegia

266 3535 269 3541 '
355 3545 422 3600 seu
443 3515 570 3600 literas
591 3515 730 3601 tenoris
750 3514 958 3630 preinserti,
986 3515 1023 3599 in
1045 3508 1215 3598 omnibus
1237 3513 1400 3628 ipsorum
1423 3515 1661 3628 ipsarumque
1672 3513 1731 3623 (¹⁹)
1753 3515 1983 3603 condicioni-

353 3631 437 3736 bus,
458 3630 684 3747 passibus'et
698 3631 863 3717 articulis
880 3629 1150 3730 confirmanda,
1171 3629 1429 3745 approbanda,
1445 3629 1666 3716 retilicanda
1683 3647 1718 3719 et
1734 3631 1982 3750 gratificando

354 3747 547 3853 donimus3
577 3747 936 3860 confirmamusque,
968 3747 1242 3865 approbamus,
1271 3748 1497 3850 ratificamus
1518 3763 1557 3834 et
1576 3750 1831 3862 prandeamus
1853 3749 1986 3837 decer-

353 3881 504 3972 nenteS,
536 3895 583 3953 ea
603 3895 651 3952 ac
672 3863 826 3954 easdem
847 3867 886 3952 in·
903 3867 1074 3954 omnibus
1095 3894 1223 3953 eorum
1245 3891 1448 3978 earumque
1468 3869 1658 3954 tenoribus
1679 3869 1800 3956 robor.
1816 3869 1986 3955 obtinere

353 3985 532 4076 lumitotls
551 3996 752 4117 perpetue,
785 4001 915 4072 tenore
934 3983 1170 4101 presencium
1191 3983 1378 4071 mediante
1399 3987 1435 4070 in
1457 4013 1566 4072 ewm.
1612 3984 1654 4070 ln
1677 3988 1784 4101 cnjus
1805 3987 1860 4071 rei
1880 3987 1985 4096 testi·

353 4103 515 4192 mouium
532 4101 691 4218 sigillum
709 4117 880 4190 nostrum
894 4102 1247 4218 estsubappensum
1264 4102 1499 4219 presentibus
1510 4098 1580 4212 (⁴⁰).
1610 4103 1746 4187 Actum
1763 4103 1797 4190 in
1816 4101 1983 4219 Podoly-

355 4245 476 4333 nyccz
503 4218 612 4306 lleria
642 4219 768 4328 quinta
798 4219 881 4306 testi
909 4220 1156 4306 Ascensioois
1176 4219 1356 4320 -Domini,
1387 4246 1487 4304 anno
1508 4217 1675 4332 ejusdem
1698 4225 1805 4306 root.
1855 4218 1987 4338 Regni

353 4336 472 4425 nostrl
486 4361 587 4424 onoc
601 4332 784 4422 secundo.¹
801 4333 1047 4422 Presentibus
1063 4336 1201 4422 ibidem
1217 4334 1467 4422 lllustrissimo
1489 4335 1674 4453 Principe,
1695 4336 1985 4424 Reuerendis'si-

355 4453 503 4564 nsque
521 4449 733 4542 in·(llrristo
746 4450 921 4567 patribus
941 4450 1119 4540 dominis:
1153 4451 1372 4538 Flraderico
1393 4467 1639 4540 sacrosancte
1659 4481 1815 4541 romono
1836 4483 1884 4540 ac
1904 4453 1986 4539 nnn

378 4640 381 4650 Δ
455 4665 507 4752 (¹⁵)
528 4668 598 4733 cdd.
613 4655 732 4754 quibus.
776 4637 827 4752 (ll)
854 4636 1021 4764 Crorstbin,
1035 4668 1087 4753 qui
1103 4644 1157 4765 pro
1172 4645 1310 4752 tempore
1324 4668 1425 4744 luerit,
1448 4689 1483 4734 oc
1498 4669 1562 4768 olijs
1577 4669 1766 4755 presentibus
1782 4637 1983 4767 requirendis.

356 4749 405 4834 (¹²)
425 4755 595 4838 propresis
608 4753 752 4838 sstogris.
796 4750 847 4836 (¹⁸)
870 4750 1015 4837 dignitate
1030 4753 1226 4855 considerato.
1282 4751 1331 4841 (¹⁹)
1357 4753 1427 4818 odd.
1443 4764 1570 4839 punctis.
1624 4754 1675 4838 (²⁰)
1706 4754 1897 4852 presentibus
1912 4754 1983 4820 sub·

354 4855 532 4922 appensum.

1775 4935 1823 4993 ῃ.
