4778 5952
1141 713 1403 790 ..ogg..

453 917 527 1037 dijs
545 947 596 1005 ac
614 917 977 1034 proclamacionibus
999 919 1148 1016 nostris,
1171 947 1243 1035 que
1264 947 1286 1004 a
1304 915 1522 1034 parentibus
1538 929 1575 1002 et
1591 915 1928 1033 predecessoribus
1942 923 2085 1008 nostris

454 1039 718 1139 contraximus,
739 1039 774 1123 in
798 1039 869 1122 vim
884 1064 975 1122 vere
989 1037 1156 1122 caritatis
1177 1050 1213 1122 et
1228 1036 1390 1126 fraterne
1406 1035 1565 1141 unionis,
1587 1036 1738 1122 valeant
1752 1035 1884 1141 otilrui,
1901 1036 2085 1154 gaudere,

453 1169 490 1242 et
520 1155 647 1271 potiri:
683 1155 791 1242 acsi
823 1156 904 1272 ipso
941 1155 1074 1250 asuis
1108 1152 1414 1272 progenitoribus
1450 1151 1583 1240 ordine
1611 1154 1783 1271 geniture
1814 1156 2082 1270 suscepissent.

453 1270 566 1358 Uuiat
595 1301 665 1358 eos
695 1273 804 1359 nobis
835 1275 993 1376 caritas,
1026 1301 1138 1388 peres
1170 1272 1327 1374 efficiat,
1357 1299 1454 1386 quos
1485 1270 1677 1388 religionis
1709 1267 1851 1378 cultus,
1886 1273 2017 1358 ionium
2047 1289 2085 1360 et

452 1389 666 1506 graciarum
696 1388 922 1506 ydemptitas
951 1389 1118 1476 sociavit
1169 1390 1434 1475 Promittentes
1450 1388 1554 1474 bona
1575 1387 1670 1492 lide,
1700 1388 1818 1474 verbo
1840 1403 1972 1477 nostro
1993 1419 2083 1494 ooo·

452 1509 563 1594 stanti
587 1523 626 1595 et
644 1506 766 1612 fideli,
797 1507 869 1593 sub
899 1508 1044 1594 honore
1076 1522 1112 1594 et
1132 1534 1248 1595 onere
1280 1507 1473 1593 iuramenti
1519 1506 1651 1610 restiti,
1683 1530 1869 1616 nunquam
1891 1503 2017 1624 ipso's,
2047 1510 2082 1594 in
2156 1505 2160 1510 ’

452 1625 623 1712 omnibus
644 1625 935 1734 adversitatibus
956 1640 993 1712 et
1008 1624 1295 1712 necessitatibus
1316 1653 1457 1728 eorum,
1478 1535 1669 1732 dbserere3
1690 1623 1759 1710 sed
1780 1655 1931 1742 semper
1951 1639 2083 1713 contra

452 1744 614 1830 omnium
644 1745 874 1852 inimicorum
905 1744 1070 1858 ipsorum
1092 1743 1266 1846 iusidias,
1296 1743 1387 1859 ipsis
1408 1757 1540 1829 nostra
1560 1743 1721 1858 prebere
1741 1743 1916 1848 consilia,
1946 1743 2085 1831 auxilia

452 1874 491 1948 et
512 1858 689 1966 tarmes,
727 1877 764 1948 et
796 1861 898 1977 apud
935 1860 1126 1978 predictos
1162 1861 1347 1948 Dominus
1383 1875 1536 1947 nostros
1572 1859 1795 1976 graciosos,
1831 1859 2083 1947 Wladislaum

450 1975 602 2097 Regem
625 1979 786 2066 Polonie
806 1994 842 2068 et
862 1977 1132 2068 Alexandrum
1153 1978 1299 2065 Ducem
1320 1973 1503 2096 Magnum
1524 1977 1754 2082 Litbwanie,
1786 1990 1974 2066 eteorum
1996 2006 2082 2064 suc-

411 2109 417 2120 '
453 2125 651 2199 cessores,
688 2098 786 2183 omni
816 2125 932 2214 posse
963 2111 1000 2182 et
1028 2094 1129 2182 odet
1164 2095 1364 2214 diligencia
1394 2123 1636 2210 permovere,
1671 2109 1712 2180 ut
1741 2097 2083 2183 munificenciarum

451 2243 603 2299 suanum
639 2212 831 2313 dexteram
867 2216 903 2300 in
934 2243 1003 2300 eos
1039 2213 1260 2320 extendant,
1296 2229 1334 2300 et
1363 2213 1556 2330 profectus
1593 2216 1760 2331 ipsorum
1796 2243 1871 2302 non
1904 2212 2090 2302 desistant

449 2361 678 2448 procurare,
709 2363 756 2420 ac
777 2334 848 2451 pijs
868 2362 937 2420 eos
957 2332 1150 2420 favoribus
1171 2334 1387 2451 graciarum
1408 2332 1625 2418 confovere.
1682 2331 1800 2446 Quod
1830 2346 1982 2444 etque,
2013 2329 2083 2447 ipsi

448 2451 581 2566 prelati
611 2449 767 2537 Nobiles
788 2467 826 2537 et
845 2451 1034 2537 Proce'res
1056 2450 1259 2536 Terramm
1279 2449 1494 2554 Litbuanie,
1525 2451 1606 2565 pari
1627 2449 1881 2536 vicissitudine
1906 2447 2082 2550 sub'lrde,

449 2567 615 2672 bonore,
647 2571 682 2653 in
703 2568 821 2652 verbo
850 2566 949 2652 bdeli
971 2583 1008 2654 et
1029 2597 1148 2653 onere
1176 2569 1319 2682 prestiti
1350 2569 1561 2672 iuramenti,
1594 2569 1721 2654 lacere
1743 2568 1851 2672 nobis
1872 2579 2081 2652 teneantur.

449 2683 538 2769 Hoc
559 2713 634 2771 non
655 2682 844 2787 obmisso,
875 2685 977 2795 quod
999 2685 1160 2788 Prelati,
1191 2685 1369 2772 Berones
1399 2698 1437 2770 et
1463 2683 1618 2771 Nobiles
1649 2685 1850 2771 'Perrarum
1875 2681 2084 2784 L'itbvenie,

450 2800 572 2886 nolles
602 2829 765 2920 guerras
786 2799 924 2906 alicui,
960 2801 1107 2912 absque
1136 2801 1386 2914 requisicione¹
1407 2818 1446 2890 et
1466 2803 1620 2892 consilio
1649 2803 1786 2888 nostris
1808 2801 1849 2888 el
1864 2811 2081 2906 nostrorum

450 2947 728 3022 successomm,
746 2919 958 3005 movebunt.
995 2917 1152 3030 Nosque
1172 2920 1324 3025 Prolati,
1344 2919 1521 3009 Berones
1542 2936 1579 3007 et
1600 2917 1754 3007 Nobiles
1769 2919 1898 3038 Regni
1912 2916 2083 3021 Polonie,

451 3037 596 3147 absque
618 3037 867 3149 requisicione
887 3053 925 3124 et
949 3036 1117 3142 consilio,
1139 3039 1278 3124 similes
1298 3037 1475 3157 gwerras
1500 3039 1586 3124 nulli
1607 3038 1863 3141 movebimus,
1887 3033 2083 3122 Beronum

451 3168 489 3240 et
507 3153 694 3242 Nobilium
715 3155 916 3242 Terrarum
938 3153 1147 3242 Litlnvanie
1163 3157 1428 3274 predictorum.
1461 3155 1512 3242 Et
1527 3159 1691 3273 insuper,
1714 3159 1785 3242 iam
1803 3154 1890 3241 dicti
1906 3151 2082 3239 Berones

452 3287 489 3358 et
509 3267 664 3358 Nobiles
695 3273 896 3358 Terrarum
929 3271 1122 3360 Litbvanie
1152 3272 1406 3391 predictarum
1437 3305 1522 3359 cum
1555 3304 1685 3361 eorum
1716 3271 1918 3359 heredibus
1938 3285 1976 3356 et
1996 3297 2083 3354 suc·

452 3389 672 3476 cessoribus
713 3391 907 3508 legitimis,
948 3391 1228 3507 prenominatos
1269 3391 1540 3480 Serenissimos
1582 3391 1799 3508 PrincipeS,
1840 3405 1878 3477 et
1911 3387 2083 3474 dominos

452 3524 606 3596 nostros
638 3504 843 3626 graciosos
875 3507 1125 3596 Wladislaum
1156 3507 1307 3628 Regem
1346 3507 1503 3596 Polonie
1535 3524 1573 3596 et
1602 3507 1870 3616 Allexandrum
1901 3503 2084 3624 Magnum

453 3623 598 3714 Ducem
619 3622 846 3732 Lithwanie,
873 3641 1060 3714 eteorum
1082 3657 1330 3738 successores
1352 3625 1539 3745 legitimos
1559 3626 1694 3744 Reges
1715 3625 1876 3712 Polonie
1896 3641 1933 3712 et
1953 3623 2082 3708 Duces

450 3739 662 3830 Litbwanie
692 3742 878 3860 Magnos,
910 3744 1037 3853 quoad
1058 3745 1216 3831 vixerint
1235 3769 1422 3854 nunquam
1445 3747 1713 3860 imperpetuum
1736 3742 1874 3829 debent
1904 3740 2084 3827 deserere

453 3883 604 3972 quoque
634 3858 770 3964 modo,
807 3861 876 3946 sed
907 3862 1040 3974 pocius
1070 3863 1161 3977 ipsis
1193 3863 1264 3948 sub
1293 3863 1437 3948 ido-et
1457 3862 1622 3964 bonore,
1659 3891 1706 3948 ac
1727 3862 1870 3979 prestiti
1889 3855 2084 3946 iuramenti
2160 3917 2162 3922 -

452 4007 580 4084 onere,
601 3977 761 4063 fideliter
780 3976 1015 4063 adherebunt
1033 3980 1236 4083 favoribus,
1259 3979 1492 4083 obediencia,
1518 3980 1663 4095 auxilijs
1685 3993 1725 4062 et
1743 3973 2082 4092 consilijsquibus-

452 4101 611 4210 cunque.
663 4093 714 4181 Ut
734 4111 857 4182 autem
879 4096 1133 4208 unusquisque
1154 4125 1223 4184 sue
1244 4095 1370 4184 domui
1391 4100 1632 4215 mancipetur,
1664 4113 1701 4185 et
1721 4096 1918 4184 domorum
1939 4092 2083 4182 discre-

453 4215 512 4301 cio
551 4231 590 4301 et
624 4243 812 4302 armorum
849 4215 1041 4302 distinecio
1078 4213 1215 4302 clarius
1250 4215 1285 4302 in
1317 4215 1474 4336 singulis
1510 4230 1786 4332 cognoscatur,
1821 4245 1870 4298 ne
1901 4239 2085 4300 successu

308 4383 312 4392 ·
453 4335 633 4448 temporis
669 4330 776 4419 buius
812 4347 941 4420 nostre
977 4331 1229 4419 ordinacionis
1266 4336 1384 4420 series
1421 4333 1672 4419 contundatur
1707 4332 1893 4418 oblivione
1925 4325 2084 4438 aliquali:

452 4448 582 4538 Primo
605 4448 759 4554 domuS,
790 4480 913 4553 arma,
935 4451 1066 4564 stirps,
1088 4449 1316 4554 clenodium,
1337 4449 1541 4570 genelogia
1564 4467 1599 4538 et
1621 4450 1873 4566 proclamacio
1894 4440 2085 4534 Nobilium

452 4575 600 4682 lelyco
621 4597 704 4654 cum
727 4567 842 4655 domo
864 4581 898 4653 et
921 4571 1035 4684 stirpe
1055 4565 1201 4654 Nbbilis
1222 4567 1417 4684 lllooywid
1441 4567 1598 4656 Palatini
1621 4568 1839 4654 Wilnensis.
1870 4564 1961 4651 ltem
1979 4588 2084 4651 arma

454 4693 608 4774 Zadorc
629 4717 712 4773 cum
735 4687 849 4802 stirpe
869 4680 908 4796 et
927 4687 1131 4804 genelogia
1151 4687 1275 4790 Jawni
1296 4687 1456 4773 Palatini
1476 4684 1692 4774 Trocensis.
1728 4685 1819 4771 Item
1841 4711 1948 4772 arma
1966 4689 2085 4769 Rowc

454 4833 538 4890 cum
574 4805 778 4924 genelogia
814 4801 983 4922 lllinigail
1020 4803 1220 4894 Castellani
1258 4803 1475 4892 ll'ilneosis
1534 4803 1627 4894 ltem
1662 4809 1836 4917 Lyssowe
1871 4805 1969 4912 (Lis)
2001 4827 2085 4885 cum
