<?xml version="1.0" encoding="UTF-8"?>
<!DOCTYPE html PUBLIC "-//W3C//DTD XHTML 1.0 Transitional//EN"
    "http://www.w3.org/TR/xhtml1/DTD/xhtml1-transitional.dtd">
<html xmlns="http://www.w3.org/1999/xhtml" xml:lang="en" lang="en">
 <head>
  <title>
</title>
<meta http-equiv="Content-Type" content="text/html;charset=utf-8" />
  <meta name='ocr-system' content='tesseract 3.04.00' />
  <meta name='ocr-capabilities' content='ocr_page ocr_carea ocr_par ocr_line ocrx_word'/>
</head>
<body>
  <div class='ocr_page' id='page_1' title='image "./codexdiplomatic02bartgoog_0308.png"; bbox 0 0 4778 5952; ppageno 0'>
   <div class='ocr_carea' id='block_1_1' title="bbox 1109 709 1382 780">
    <p class='ocr_par' dir='ltr' id='par_1_1' title="bbox 1109 709 1382 780">
     <span class='ocr_line' id='line_1_1' title="bbox 1109 709 1382 780; baseline -0.004 0"><span class='ocrx_word' id='word_1_1' title='bbox 1109 709 1382 780; x_wconf 71' lang='lat'><strong>-266—</strong></span> 
     </span>
    </p>
   </div>
   <div class='ocr_carea' id='block_1_2' title="bbox 416 895 2060 1728">
    <p class='ocr_par' dir='ltr' id='par_1_2' title="bbox 416 895 2060 1376">
     <span class='ocr_line' id='line_1_2' title="bbox 432 895 2058 1030; baseline 0.001 -31"><span class='ocrx_word' id='word_1_2' title='bbox 432 915 528 999; x_wconf 88' lang='lat' dir='ltr'><strong>cium</strong></span> <span class='ocrx_word' id='word_1_3' title='bbox 546 895 767 1030; x_wconf 84' lang='lat' dir='ltr'><strong>obligamus.</strong></span> <span class='ocrx_word' id='word_1_4' title='bbox 799 909 909 1020; x_wconf 88' lang='lat' dir='ltr'><strong>Ques</strong></span> <span class='ocrx_word' id='word_1_5' title='bbox 926 906 1075 1027; x_wconf 86' lang='lat' dir='ltr'><strong>quidem</strong></span> <span class='ocrx_word' id='word_1_6' title='bbox 1092 906 1276 995; x_wconf 86' lang='lat' dir='ltr'><strong>ducentas</strong></span> <span class='ocrx_word' id='word_1_7' title='bbox 1291 936 1440 994; x_wconf 88' lang='lat' dir='ltr'><strong>marcas</strong></span> <span class='ocrx_word' id='word_1_8' title='bbox 1461 908 1531 995; x_wconf 92' lang='lat' dir='ltr'><strong>sibi</strong></span> <span class='ocrx_word' id='word_1_9' title='bbox 1550 906 1776 996; x_wconf 82' lang='lat' dir='ltr'><strong>donauimn&#39;s&#39;</strong></span> <span class='ocrx_word' id='word_1_10' title='bbox 1789 912 1826 995; x_wconf 94' lang='lat' dir='ltr'><strong>in</strong></span> <span class='ocrx_word' id='word_1_11' title='bbox 1842 912 2058 1021; x_wconf 80' lang='lat' dir='ltr'>subsidium,</span> 
     </span>
     <span class='ocr_line' id='line_1_3' title="bbox 432 1024 2060 1134; baseline 0 -19"><span class='ocrx_word' id='word_1_12' title='bbox 432 1030 616 1116; x_wconf 91' lang='lat' dir='ltr'><strong>ciuitatem</strong></span> <span class='ocrx_word' id='word_1_13' title='bbox 637 1041 802 1113; x_wconf 87' lang='lat' dir='ltr'><strong>nostram</strong></span> <span class='ocrx_word' id='word_1_14' title='bbox 824 1032 1074 1110; x_wconf 82' lang='lat' dir='ltr'><strong>Lelom&#39;eosem</strong></span> <span class='ocrx_word' id='word_1_15' title='bbox 1092 1024 1141 1109; x_wconf 91' lang='lat' dir='ltr'><strong>ad</strong></span> <span class='ocrx_word' id='word_1_16' title='bbox 1159 1024 1417 1134; x_wconf 88' lang='lat' dir='ltr'><strong>exemendnm;</strong></span> <span class='ocrx_word' id='word_1_17' title='bbox 1439 1027 1676 1114; x_wconf 81' lang='lat' dir='ltr'><strong>conferentes</strong></span> <span class='ocrx_word' id='word_1_18' title='bbox 1695 1027 1952 1118; x_wconf 79' lang='lat' dir='ltr'><strong>nichilominus</strong></span> <span class='ocrx_word' id='word_1_19' title='bbox 1998 1061 2060 1116; x_wconf 92' lang='lat' dir='ltr'><strong>re-</strong></span> 
     </span>
     <span class='ocr_line' id='line_1_4' title="bbox 416 1061 2059 1261; baseline 0 -28"><span class='ocrx_word' id='word_1_20' title='bbox 416 1147 545 1233; x_wconf 89' lang='lat' dir='ltr'><strong>libato</strong></span> <span class='ocrx_word' id='word_1_21' title='bbox 580 1142 873 1261; x_wconf 83' lang='lat' dir='ltr'><strong>Sendziwogio,</strong></span> <span class='ocrx_word' id='word_1_22' title='bbox 908 1143 1010 1261; x_wconf 90' lang='lat' dir='ltr'><strong>quod</strong></span> <span class='ocrx_word' id='word_1_23' title='bbox 1046 1142 1237 1258; x_wconf 88' lang='lat' dir='ltr'><strong>predictas</strong></span> <span class='ocrx_word' id='word_1_24' title='bbox 1264 1141 1377 1228; x_wconf 70' lang='lat' dir='ltr'><strong>‘villas</strong></span> <span class='ocrx_word' id='word_1_25' title='bbox 1413 1157 1448 1229; x_wconf 89' lang='lat' dir='ltr'><strong>et</strong></span> <span class='ocrx_word' id='word_1_26' title='bbox 1481 1141 1708 1230; x_wconf 76' lang='lat' dir='ltr'><strong>hereditates</strong></span> <span class='ocrx_word' id='word_1_27' title='bbox 1743 1161 1917 1251; x_wconf 88' lang='lat' dir='ltr'><strong>nostras,</strong></span> <span class='ocrx_word' id='word_1_28' title='bbox 1952 1061 2059 1234; x_wconf 83' lang='lat' dir='ltr'><strong>alleri</strong></span> 
     </span>
     <span class='ocr_line' id='line_1_5' title="bbox 432 1258 2057 1376; baseline -0.001 -26"><span class='ocrx_word' id='word_1_29' title='bbox 432 1265 574 1350; x_wconf 87' lang='lat' dir='ltr'><strong>cuicum</strong></span> <span class='ocrx_word' id='word_1_30' title='bbox 605 1292 651 1347; x_wconf 91' lang='lat' dir='ltr'><strong>ue</strong></span> <span class='ocrx_word' id='word_1_31' title='bbox 681 1258 778 1345; x_wconf 82' lang='lat' dir='ltr'><strong>fideli</strong></span> <span class='ocrx_word' id='word_1_32' title='bbox 810 1272 961 1365; x_wconf 91' lang='lat' dir='ltr'><strong>nostro,</strong></span> <span class='ocrx_word' id='word_1_33' title='bbox 991 1261 1029 1345; x_wconf 93' lang='lat' dir='ltr'><strong>in</strong></span> <span class='ocrx_word' id='word_1_34' title='bbox 1049 1258 1219 1345; x_wconf 91' lang='lat' dir='ltr'><strong>ducentis</strong></span> <span class='ocrx_word' id='word_1_35' title='bbox 1241 1261 1376 1346; x_wconf 90' lang='lat' dir='ltr'><strong>mareis</strong></span> <span class='ocrx_word' id='word_1_36' title='bbox 1399 1259 1565 1376; x_wconf 75' lang='lat' dir='ltr'><strong>predicte</strong></span> <span class='ocrx_word' id='word_1_37' title='bbox 1585 1261 1763 1376; x_wconf 84' lang='lat' dir='ltr'><strong>pecunie,</strong></span> <span class='ocrx_word' id='word_1_38' title='bbox 1795 1263 1945 1350; x_wconf 88' lang='lat' dir='ltr'><strong>babebit</strong></span> <span class='ocrx_word' id='word_1_39' title='bbox 1964 1264 2057 1350; x_wconf 91' lang='lat' dir='ltr'><strong>obli·</strong></span> 
     </span>
    </p>

    <p class='ocr_par' dir='ltr' id='par_1_3' title="bbox 429 1293 2060 1728">
     <span class='ocr_line' id='line_1_6' title="bbox 460 1293 2058 1500; baseline 0 -35"><span class='ocrx_word' id='word_1_40' title='bbox 460 1379 546 1465; x_wconf 90' lang='lat' dir='ltr'><strong>andi</strong></span> <span class='ocrx_word' id='word_1_41' title='bbox 570 1293 719 1495; x_wconf 78' lang='lat' dir='ltr'><strong>pilenem</strong></span> <span class='ocrx_word' id='word_1_42' title='bbox 741 1407 788 1463; x_wconf 92' lang='lat' dir='ltr'><strong>ac</strong></span> <span class='ocrx_word' id='word_1_43' title='bbox 809 1376 1059 1464; x_wconf 81' lang='lat' dir='ltr'><strong>omnimodam</strong></span> <span class='ocrx_word' id='word_1_44' title='bbox 1081 1378 1303 1463; x_wconf 81' lang='lat' dir='ltr'><strong>facultatem.</strong></span> <span class='ocrx_word' id='word_1_45' title='bbox 1353 1376 1499 1462; x_wconf 90' lang='lat' dir='ltr'><strong>Harum</strong></span> <span class='ocrx_word' id='word_1_46' title='bbox 1531 1390 1765 1484; x_wconf 84' lang='lat' dir='ltr'><strong>nostrarum,</strong></span> <span class='ocrx_word' id='word_1_47' title='bbox 1798 1379 1936 1496; x_wconf 88' lang='lat' dir='ltr'><strong>quibus</strong></span> <span class='ocrx_word' id='word_1_48' title='bbox 1954 1381 2058 1500; x_wconf 78' lang='lat' dir='ltr'><strong>sigil-</strong></span> 
     </span>
     <span class='ocr_line' id='line_1_7' title="bbox 429 1409 2060 1611; baseline 0.001 -29"><span class='ocrx_word' id='word_1_49' title='bbox 429 1409 505 1582; x_wconf 74' lang='lat' dir='ltr'><strong>im</strong></span> <span class='ocrx_word' id='word_1_50' title='bbox 526 1511 694 1604; x_wconf 83' lang='lat' dir='ltr'><strong>nostrum</strong></span> <span class='ocrx_word' id='word_1_51' title='bbox 714 1525 924 1611; x_wconf 90' lang='lat' dir='ltr'><strong>appensum</strong></span> <span class='ocrx_word' id='word_1_52' title='bbox 945 1509 1023 1600; x_wconf 93' lang='lat' dir='ltr'><strong>est,</strong></span> <span class='ocrx_word' id='word_1_53' title='bbox 1054 1494 1267 1581; x_wconf 91' lang='lat' dir='ltr'><strong>testimonio</strong></span> <span class='ocrx_word' id='word_1_54' title='bbox 1298 1493 1497 1580; x_wconf 90' lang='lat' dir='ltr'><strong>literarum.</strong></span> <span class='ocrx_word' id='word_1_55' title='bbox 1552 1494 1692 1579; x_wconf 89' lang='lat' dir='ltr'><strong>Datum</strong></span> <span class='ocrx_word' id='word_1_56' title='bbox 1724 1497 1759 1583; x_wconf 92' lang='lat' dir='ltr'><strong>in</strong></span> <span class='ocrx_word' id='word_1_57' title='bbox 1789 1503 1896 1602; x_wconf 77' lang='lat' dir='ltr'><strong>Voce,</strong></span> <span class='ocrx_word' id='word_1_58' title='bbox 1933 1500 1970 1584; x_wconf 92' lang='lat' dir='ltr'><strong>in</strong></span> <span class='ocrx_word' id='word_1_59' title='bbox 1999 1497 2060 1584; x_wconf 90' lang='lat' dir='ltr'><strong>dio</strong></span> 
     </span>
     <span class='ocr_line' id='line_1_8' title="bbox 431 1610 2059 1728; baseline 0.001 -30"><span class='ocrx_word' id='word_1_60' title='bbox 431 1612 616 1699; x_wconf 90' lang='lat' dir='ltr'><strong>dominico</strong></span> <span class='ocrx_word' id='word_1_61' title='bbox 638 1627 725 1728; x_wconf 91' lang='lat' dir='ltr'><strong>post</strong></span> <span class='ocrx_word' id='word_1_62' title='bbox 745 1612 841 1697; x_wconf 91' lang='lat' dir='ltr'><strong>diem</strong></span> <span class='ocrx_word' id='word_1_63' title='bbox 865 1611 1133 1698; x_wconf 87' lang='lat' dir='ltr'><strong>Conuersionis</strong></span> <span class='ocrx_word' id='word_1_64' title='bbox 1155 1611 1283 1697; x_wconf 86' lang='lat' dir='ltr'><strong>Sancti</strong></span> <span class='ocrx_word' id='word_1_65' title='bbox 1303 1610 1411 1696; x_wconf 91' lang='lat' dir='ltr'><strong>Pauli</strong></span> <span class='ocrx_word' id='word_1_66' title='bbox 1431 1611 1614 1728; x_wconf 88' lang='lat' dir='ltr'><strong>apostoli,</strong></span> <span class='ocrx_word' id='word_1_67' title='bbox 1646 1641 1745 1700; x_wconf 91' lang='lat' dir='ltr'><strong>anno</strong></span> <span class='ocrx_word' id='word_1_68' title='bbox 1777 1612 1913 1700; x_wconf 92' lang='lat' dir='ltr'><strong>domini</strong></span> <span class='ocrx_word' id='word_1_69' title='bbox 1942 1615 2059 1700; x_wconf 89' lang='lat' dir='ltr'><strong>mille-</strong></span> 
     </span>
    </p>
   </div>
   <div class='ocr_carea' id='block_1_3' title="bbox 317 1727 2072 1849">
    <p class='ocr_par' dir='ltr' id='par_1_4' title="bbox 317 1727 2072 1849">
     <span class='ocr_line' id='line_1_9' title="bbox 317 1727 2072 1849; baseline 0 -35"><span class='ocrx_word' id='word_1_70' title='bbox 317 1805 324 1814; x_wconf 91' lang='lat'>.</span> <span class='ocrx_word' id='word_1_71' title='bbox 430 1731 526 1842; x_wconf 86' lang='lat' dir='ltr'><strong>sirno</strong></span> <span class='ocrx_word' id='word_1_72' title='bbox 557 1730 819 1815; x_wconf 89' lang='lat' dir='ltr'><strong>trecentesimo</strong></span> <span class='ocrx_word' id='word_1_73' title='bbox 853 1730 1101 1848; x_wconf 83' lang='lat' dir='ltr'><strong>nonagesimo</strong></span> <span class='ocrx_word' id='word_1_74' title='bbox 1123 1745 1242 1815; x_wconf 89' lang='lat' dir='ltr'><strong>sexto.</strong></span> <span class='ocrx_word' id='word_1_75' title='bbox 1295 1727 1394 1814; x_wconf 89' lang='lat' dir='ltr'><strong>Dum</strong></span> <span class='ocrx_word' id='word_1_76' title='bbox 1415 1742 1539 1816; x_wconf 91' lang='lat' dir='ltr'><strong>autem</strong></span> <span class='ocrx_word' id='word_1_77' title='bbox 1560 1728 1729 1843; x_wconf 88' lang='lat' dir='ltr'><strong>predicte</strong></span> <span class='ocrx_word' id='word_1_78' title='bbox 1748 1729 1908 1817; x_wconf 90' lang='lat' dir='ltr'><strong>ducente</strong></span> <span class='ocrx_word' id='word_1_79' title='bbox 1928 1758 2072 1849; x_wconf 46' lang='lat' dir='ltr'><strong>meroe,</strong></span> 
     </span>
    </p>
   </div>
   <div class='ocr_carea' id='block_1_4' title="bbox 430 1843 2058 2064">
    <p class='ocr_par' dir='ltr' id='par_1_5' title="bbox 430 1843 2058 2064">
     <span class='ocr_line' id='line_1_10' title="bbox 430 1843 2058 1966; baseline 0 -33"><span class='ocrx_word' id='word_1_80' title='bbox 430 1846 551 1934; x_wconf 92' lang='lat' dir='ltr'><strong>eidem</strong></span> <span class='ocrx_word' id='word_1_81' title='bbox 581 1843 854 1966; x_wconf 84' lang='lat' dir='ltr'><strong>Sandziwogio</strong></span> <span class='ocrx_word' id='word_1_82' title='bbox 885 1876 954 1962; x_wconf 90' lang='lat' dir='ltr'><strong>per</strong></span> <span class='ocrx_word' id='word_1_83' title='bbox 984 1873 1055 1931; x_wconf 91' lang='lat' dir='ltr'><strong>nos</strong></span> <span class='ocrx_word' id='word_1_84' title='bbox 1085 1846 1219 1931; x_wconf 85' lang='lat' dir='ltr'><strong>luerint</strong></span> <span class='ocrx_word' id='word_1_85' title='bbox 1247 1845 1458 1960; x_wconf 89' lang='lat' dir='ltr'><strong>persolute,</strong></span> <span class='ocrx_word' id='word_1_86' title='bbox 1490 1861 1626 1934; x_wconf 84' lang='lat' dir='ltr'><strong>extunc</strong></span> <span class='ocrx_word' id='word_1_87' title='bbox 1646 1849 1854 1965; x_wconf 84' lang='lat' dir='ltr'><strong>prescripto</strong></span> <span class='ocrx_word' id='word_1_88' title='bbox 1874 1849 1957 1936; x_wconf 93' lang='lat' dir='ltr'><strong>ville</strong></span> <span class='ocrx_word' id='word_1_89' title='bbox 1968 1900 1985 1952; x_wconf 92' lang='lat'><strong>,·</strong></span> <span class='ocrx_word' id='word_1_90' title='bbox 2008 1846 2058 1934; x_wconf 91' lang='lat' dir='ltr'><strong>ad</strong></span> 
     </span>
     <span class='ocr_line' id='line_1_11' title="bbox 430 1961 1733 2064; baseline 0.002 -14"><span class='ocrx_word' id='word_1_91' title='bbox 430 1980 599 2053; x_wconf 90' lang='lat' dir='ltr'><strong>nostrum</strong></span> <span class='ocrx_word' id='word_1_92' title='bbox 621 1962 822 2050; x_wconf 91' lang='lat' dir='ltr'><strong>dominium</strong></span> <span class='ocrx_word' id='word_1_93' title='bbox 843 1963 1044 2064; x_wconf 85' lang='lat' dir='ltr'><strong>reuenient,</strong></span> <span class='ocrx_word' id='word_1_94' title='bbox 1065 1976 1102 2050; x_wconf 93' lang='lat' dir='ltr'><strong>et</strong></span> <span class='ocrx_word' id='word_1_95' title='bbox 1122 1962 1293 2050; x_wconf 89' lang='lat' dir='ltr'><strong>reuenire</strong></span> <span class='ocrx_word' id='word_1_96' title='bbox 1314 1961 1506 2050; x_wconf 91' lang='lat' dir='ltr'><strong>debebunt</strong></span> <span class='ocrx_word' id='word_1_97' title='bbox 1525 1963 1733 2052; x_wconf 89' lang='lat' dir='ltr'><strong>viceuersa.</strong></span> 
     </span>
    </p>
   </div>
   <div class='ocr_carea' id='block_1_5' title="bbox 1043 2291 1364 2479">
    <p class='ocr_par' dir='ltr' id='par_1_6' title="bbox 1043 2291 1364 2479">
     <span class='ocr_line' id='line_1_12' title="bbox 1043 2291 1364 2479; baseline -0.006 -1"><span class='ocrx_word' id='word_1_98' title='bbox 1043 2291 1045 2294; x_wconf 46' lang='lat'>&#39;</span> <span class='ocrx_word' id='word_1_99' title='bbox 1128 2360 1364 2479; x_wconf 82' lang='lat' dir='ltr'><strong>ornum</strong></span> 
     </span>
    </p>
   </div>
   <div class='ocr_carea' id='block_1_6' title="bbox 447 2641 2046 2754">
    <p class='ocr_par' dir='ltr' id='par_1_7' title="bbox 447 2641 2046 2754">
     <span class='ocr_line' id='line_1_13' title="bbox 447 2641 2046 2754; baseline 0.004 -30"><span class='ocrx_word' id='word_1_100' title='bbox 447 2685 454 2694; x_wconf 86' lang='lat'><em>-</em></span> <span class='ocrx_word' id='word_1_101' title='bbox 561 2641 900 2736; x_wconf 76' lang='lat' dir='ltr'><strong>Crocootce,</strong></span> <span class='ocrx_word' id='word_1_102' title='bbox 927 2663 1083 2754; x_wconf 75' lang='lat' dir='ltr'><strong>ammo</strong></span> <span class='ocrx_word' id='word_1_103' title='bbox 1108 2643 1252 2728; x_wconf 67' lang='grc' dir='ltr'><strong>,13θῖ</strong></span> <span class='ocrx_word' id='word_1_104' title='bbox 1279 2644 1330 2727; x_wconf 77' lang='lat' dir='ltr'><strong>rt.</strong></span> <span class='ocrx_word' id='word_1_105' title='bbox 1359 2643 1400 2744; x_wconf 69' lang='grc'><strong>6,</strong></span> <span class='ocrx_word' id='word_1_106' title='bbox 1425 2663 1592 2740; x_wconf 76' lang='lat' dir='ltr'><strong>memo.</strong></span> <span class='ocrx_word' id='word_1_107' title='bbox 1622 2646 1939 2732; x_wconf 63' lang='lat' dir='ltr'><strong>Februanto.</strong></span> <span class='ocrx_word' id='word_1_108' title='bbox 2044 2703 2046 2708; x_wconf 78' lang='lat'><em>.</em></span> 
     </span>
    </p>
   </div>
   <div class='ocr_carea' id='block_1_7' title="bbox 473 2855 2028 2955">
    <p class='ocr_par' dir='ltr' id='par_1_8' title="bbox 473 2855 2028 2955">
     <span class='ocr_line' id='line_1_14' title="bbox 473 2855 2028 2955; baseline 0.005 -27"><span class='ocrx_word' id='word_1_109' title='bbox 473 2855 755 2928; x_wconf 69' lang='lat' dir='ltr'><strong>monetans</strong></span> <span class='ocrx_word' id='word_1_110' title='bbox 768 2855 838 2928; x_wconf 75' lang='lat' dir='ltr'><strong>ber</strong></span> <span class='ocrx_word' id='word_1_111' title='bbox 851 2857 996 2932; x_wconf 76' lang='lat' dir='ltr'><strong>Potentes</strong></span> <span class='ocrx_word' id='word_1_112' title='bbox 1012 2859 1160 2932; x_wconf 72' lang='lat' dir='ltr'><strong>clementi</strong></span> <span class='ocrx_word' id='word_1_113' title='bbox 1176 2859 1215 2930; x_wconf 84' lang='lat' dir='ltr'><strong>do</strong></span> <span class='ocrx_word' id='word_1_114' title='bbox 1229 2861 1427 2928; x_wconf 63' lang='lat' dir='ltr'><strong>torrentia</strong></span> <span class='ocrx_word' id='word_1_115' title='bbox 1441 2861 1498 2933; x_wconf 84' lang='lat' dir='ltr'><strong>dat</strong></span> <span class='ocrx_word' id='word_1_116' title='bbox 1511 2861 1697 2934; x_wconf 74' lang='lat' dir='ltr'><strong>nemnem</strong></span> <span class='ocrx_word' id='word_1_117' title='bbox 1711 2859 1869 2951; x_wconf 73' lang='lat' dir='ltr'><strong>commo</strong></span> <span class='ocrx_word' id='word_1_118' title='bbox 1883 2860 2028 2955; x_wconf 74' lang='lat' dir='ltr'><strong>oppidu</strong></span> 
     </span>
    </p>
   </div>
   <div class='ocr_carea' id='block_1_8' title="bbox 736 2959 1754 3054">
    <p class='ocr_par' dir='ltr' id='par_1_9' title="bbox 736 2959 1754 3054">
     <span class='ocr_line' id='line_1_15' title="bbox 736 2959 1754 3054; baseline 0.011 -33"><span class='ocrx_word' id='word_1_119' title='bbox 736 2959 870 3036; x_wconf 70' lang='lat' dir='ltr'><strong>comto,</strong></span> <span class='ocrx_word' id='word_1_120' title='bbox 884 2959 1012 3032; x_wconf 78' lang='lat' dir='ltr'><strong>ttiootao</strong></span> <span class='ocrx_word' id='word_1_121' title='bbox 1028 2959 1066 3032; x_wconf 85' lang='lat' dir='ltr'><strong>te</strong></span> <span class='ocrx_word' id='word_1_122' title='bbox 1080 2961 1267 3028; x_wconf 64' lang='lat' dir='ltr'><strong>tenemento</strong></span> <span class='ocrx_word' id='word_1_123' title='bbox 1281 2959 1485 3054; x_wconf 70' lang='lat' dir='ltr'><strong>subdendam</strong></span> <span class='ocrx_word' id='word_1_124' title='bbox 1499 2959 1691 3036; x_wconf 72' lang='lat' dir='ltr'><strong>laudensi</strong></span> <span class='ocrx_word' id='word_1_125' title='bbox 1706 2962 1754 3046; x_wconf 80' lang='lat'>(¹).</span> 
     </span>
    </p>
   </div>
   <div class='ocr_carea' id='block_1_9' title="bbox 431 3192 2187 3669">
    <p class='ocr_par' dir='ltr' id='par_1_10' title="bbox 431 3192 2187 3669">
     <span class='ocr_line' id='line_1_16' title="bbox 533 3192 2057 3318; baseline 0.005 -38"><span class='ocrx_word' id='word_1_126' title='bbox 533 3192 768 3284; x_wconf 90' lang='lat' dir='ltr'><strong>Wladislaus</strong></span> <span class='ocrx_word' id='word_1_127' title='bbox 790 3195 850 3282; x_wconf 90' lang='lat' dir='ltr'><strong>dei</strong></span> <span class='ocrx_word' id='word_1_128' title='bbox 871 3199 1002 3316; x_wconf 82' lang='lat' dir='ltr'><strong>gracia</strong></span> <span class='ocrx_word' id='word_1_129' title='bbox 1022 3196 1111 3285; x_wconf 86' lang='lat' dir='ltr'><strong>Rex</strong></span> <span class='ocrx_word' id='word_1_130' title='bbox 1131 3196 1310 3304; x_wconf 76' lang='lat' dir='ltr'><strong>polonie,</strong></span> <span class='ocrx_word' id='word_1_131' title='bbox 1341 3196 1612 3318; x_wconf 87' lang='lat' dir='ltr'><strong>Lithnanieque</strong></span> <span class='ocrx_word' id='word_1_132' title='bbox 1644 3200 1828 3318; x_wconf 83' lang='lat' dir='ltr'><strong>Princeps</strong></span> <span class='ocrx_word' id='word_1_133' title='bbox 1850 3231 2057 3318; x_wconf 90' lang='lat' dir='ltr'><strong>supremus,</strong></span> 
     </span>
     <span class='ocr_line' id='line_1_17' title="bbox 433 3310 2058 3434; baseline 0.003 -35"><span class='ocrx_word' id='word_1_134' title='bbox 433 3327 471 3399; x_wconf 95' lang='lat' dir='ltr'><strong>et</strong></span> <span class='ocrx_word' id='word_1_135' title='bbox 499 3311 611 3398; x_wconf 92' lang='lat' dir='ltr'><strong>heres</strong></span> <span class='ocrx_word' id='word_1_136' title='bbox 645 3310 786 3399; x_wconf 86' lang='lat' dir='ltr'><strong>Russie</strong></span> <span class='ocrx_word' id='word_1_137' title='bbox 818 3326 888 3400; x_wconf 88' lang='lat' dir='ltr'><strong>eto.</strong></span> <span class='ocrx_word' id='word_1_138' title='bbox 944 3315 1207 3434; x_wconf 82' lang='lat' dir='ltr'><strong>Signifieamus</strong></span> <span class='ocrx_word' id='word_1_139' title='bbox 1240 3319 1375 3434; x_wconf 91' lang='lat' dir='ltr'><strong>quibus</strong></span> <span class='ocrx_word' id='word_1_140' title='bbox 1410 3317 1561 3434; x_wconf 86' lang='lat' dir='ltr'><strong>expedit</strong></span> <span class='ocrx_word' id='word_1_141' title='bbox 1596 3320 1778 3404; x_wconf 89' lang='lat' dir='ltr'><strong>uniuersis</strong></span> <span class='ocrx_word' id='word_1_142' title='bbox 1823 3320 2058 3434; x_wconf 89' lang='lat' dir='ltr'><strong>presencium</strong></span> 
     </span>
     <span class='ocr_line' id='line_1_18' title="bbox 431 3427 2057 3553; baseline 0.002 -36"><span class='ocrx_word' id='word_1_143' title='bbox 431 3430 605 3517; x_wconf 90' lang='lat' dir='ltr'><strong>noticiam</strong></span> <span class='ocrx_word' id='word_1_144' title='bbox 628 3427 823 3516; x_wconf 87' lang='lat' dir='ltr'><strong>habituris:</strong></span> <span class='ocrx_word' id='word_1_145' title='bbox 854 3429 972 3544; x_wconf 81' lang='lat' dir='ltr'><strong>Quod</strong></span> <span class='ocrx_word' id='word_1_146' title='bbox 992 3433 1148 3520; x_wconf 88' lang='lat' dir='ltr'><strong>veniens</strong></span> <span class='ocrx_word' id='word_1_147' title='bbox 1168 3431 1217 3518; x_wconf 88' lang='lat' dir='ltr'><strong>ad</strong></span> <span class='ocrx_word' id='word_1_148' title='bbox 1240 3451 1426 3540; x_wconf 86' lang='lat' dir='ltr'><strong>nostram,</strong></span> <span class='ocrx_word' id='word_1_149' title='bbox 1457 3435 1716 3553; x_wconf 89' lang='lat' dir='ltr'><strong>baronumque</strong></span> <span class='ocrx_word' id='word_1_150' title='bbox 1737 3451 1950 3533; x_wconf 85' lang='lat' dir='ltr'><strong>nostrorum</strong></span> <span class='ocrx_word' id='word_1_151' title='bbox 1971 3465 2057 3551; x_wconf 89' lang='lat' dir='ltr'><strong>pre-</strong></span> 
     </span>
     <span class='ocr_line' id='line_1_19' title="bbox 432 3545 2187 3669; baseline 0.002 -35"><span class='ocrx_word' id='word_1_152' title='bbox 432 3549 597 3635; x_wconf 90' lang='lat' dir='ltr'><strong>senciam</strong></span> <span class='ocrx_word' id='word_1_153' title='bbox 631 3545 807 3633; x_wconf 81' lang='lat' dir='ltr'><strong>Clemens</strong></span> <span class='ocrx_word' id='word_1_154' title='bbox 839 3547 887 3634; x_wconf 91' lang='lat' dir='ltr'><strong>de</strong></span> <span class='ocrx_word' id='word_1_155' title='bbox 917 3556 1173 3652; x_wconf 80' lang='lat' dir='ltr'><strong>Jostrzambo,</strong></span> <span class='ocrx_word' id='word_1_156' title='bbox 1206 3551 1313 3638; x_wconf 92' lang='lat' dir='ltr'><strong>nobis</strong></span> <span class='ocrx_word' id='word_1_157' title='bbox 1344 3554 1491 3654; x_wconf 86' lang='lat' dir='ltr'><strong>sincere</strong></span> <span class='ocrx_word' id='word_1_158' title='bbox 1522 3549 1701 3658; x_wconf 90' lang='lat' dir='ltr'><strong>dilectus,</strong></span> <span class='ocrx_word' id='word_1_159' title='bbox 1734 3581 1809 3639; x_wconf 90' lang='lat' dir='ltr'><strong>oon</strong></span> <span class='ocrx_word' id='word_1_160' title='bbox 1830 3553 2058 3669; x_wconf 84' lang='lat' dir='ltr'><strong>compulsus,</strong></span> <span class='ocrx_word' id='word_1_161' title='bbox 2184 3559 2187 3564; x_wconf 76' lang='grc'><em>’</em></span> 
     </span>
    </p>
   </div>
   <div class='ocr_carea' id='block_1_10' title="bbox 225 3663 2059 3783">
    <p class='ocr_par' dir='ltr' id='par_1_11' title="bbox 225 3663 2059 3783">
     <span class='ocr_line' id='line_1_20' title="bbox 225 3663 2059 3783; baseline 0.005 -34"><span class='ocrx_word' id='word_1_162' title='bbox 225 3685 231 3698; x_wconf 73' lang='grc'><strong>“</strong></span> <span class='ocrx_word' id='word_1_163' title='bbox 347 3771 350 3776; x_wconf 16' lang='grc' dir='ltr'><strong>Δ</strong></span> <span class='ocrx_word' id='word_1_164' title='bbox 431 3694 504 3750; x_wconf 90' lang='lat' dir='ltr'><strong>nec</strong></span> <span class='ocrx_word' id='word_1_165' title='bbox 524 3677 692 3768; x_wconf 87' lang='lat' dir='ltr'><strong>coaetus,</strong></span> <span class='ocrx_word' id='word_1_166' title='bbox 713 3695 836 3781; x_wconf 90' lang='lat' dir='ltr'><strong>neque</strong></span> <span class='ocrx_word' id='word_1_167' title='bbox 856 3697 926 3783; x_wconf 88' lang='lat' dir='ltr'><strong>per</strong></span> <span class='ocrx_word' id='word_1_168' title='bbox 946 3698 1113 3755; x_wconf 89' lang='lat' dir='ltr'><strong>errorem</strong></span> <span class='ocrx_word' id='word_1_169' title='bbox 1134 3663 1325 3774; x_wconf 74' lang='lat' dir='ltr'><strong>seductus,</strong></span> <span class='ocrx_word' id='word_1_170' title='bbox 1345 3668 1416 3757; x_wconf 91' lang='lat' dir='ltr'><strong>sed</strong></span> <span class='ocrx_word' id='word_1_171' title='bbox 1438 3700 1485 3756; x_wconf 87' lang='lat' dir='ltr'><strong>ex</strong></span> <span class='ocrx_word' id='word_1_172' title='bbox 1506 3683 1611 3758; x_wconf 88' lang='lat' dir='ltr'><strong>certa</strong></span> <span class='ocrx_word' id='word_1_173' title='bbox 1631 3699 1701 3757; x_wconf 90' lang='lat' dir='ltr'><strong>sua</strong></span> <span class='ocrx_word' id='word_1_174' title='bbox 1722 3671 1896 3772; x_wconf 86' lang='lat' dir='ltr'><strong>sciencia,</strong></span> <span class='ocrx_word' id='word_1_175' title='bbox 1917 3699 2059 3775; x_wconf 79' lang='lat' dir='ltr'><strong>animo·</strong></span> 
     </span>
    </p>
   </div>
   <div class='ocr_carea' id='block_1_11' title="bbox 404 3779 2061 4487">
    <p class='ocr_par' dir='ltr' id='par_1_12' title="bbox 404 3779 2061 4487">
     <span class='ocr_line' id='line_1_21' title="bbox 432 3779 2058 3905; baseline 0.005 -41"><span class='ocrx_word' id='word_1_176' title='bbox 432 3805 507 3892; x_wconf 89' lang='lat' dir='ltr'><strong>que</strong></span> <span class='ocrx_word' id='word_1_177' title='bbox 527 3781 624 3866; x_wconf 87' lang='lat' dir='ltr'><strong>bene</strong></span> <span class='ocrx_word' id='word_1_178' title='bbox 644 3779 869 3888; x_wconf 88' lang='lat' dir='ltr'><strong>deliberato,</strong></span> <span class='ocrx_word' id='word_1_179' title='bbox 902 3798 1033 3871; x_wconf 91' lang='lat' dir='ltr'><strong>nostro</strong></span> <span class='ocrx_word' id='word_1_180' title='bbox 1055 3801 1177 3872; x_wconf 91' lang='lat' dir='ltr'><strong>tamen</strong></span> <span class='ocrx_word' id='word_1_181' title='bbox 1198 3788 1319 3905; x_wconf 80' lang='lat' dir='ltr'><strong>regali</strong></span> <span class='ocrx_word' id='word_1_182' title='bbox 1340 3816 1529 3873; x_wconf 90' lang='lat' dir='ltr'><strong>consensu</strong></span> <span class='ocrx_word' id='word_1_183' title='bbox 1563 3802 1601 3874; x_wconf 96' lang='lat' dir='ltr'><strong>et</strong></span> <span class='ocrx_word' id='word_1_184' title='bbox 1629 3786 1817 3876; x_wconf 88' lang='lat' dir='ltr'><strong>voluntate</strong></span> <span class='ocrx_word' id='word_1_185' title='bbox 1849 3816 1965 3905; x_wconf 90' lang='lat' dir='ltr'><strong>super</strong></span> <span class='ocrx_word' id='word_1_186' title='bbox 1985 3787 2058 3874; x_wconf 89' lang='lat' dir='ltr'><strong>boo</strong></span> 
     </span>
     <span class='ocr_line' id='line_1_22' title="bbox 404 3894 2059 4014; baseline 0.003 -31"><span class='ocrx_word' id='word_1_187' title='bbox 404 3959 405 3962; x_wconf 16' lang='grc' dir='ltr'><strong><em>κ</em></strong></span> <span class='ocrx_word' id='word_1_188' title='bbox 433 3897 643 4014; x_wconf 82' lang='lat' dir='ltr'><strong>specialiter</strong></span> <span class='ocrx_word' id='word_1_189' title='bbox 662 3894 889 4001; x_wconf 86' lang='lat' dir='ltr'><strong>accedente,</strong></span> <span class='ocrx_word' id='word_1_190' title='bbox 921 3931 944 3987; x_wconf 92' lang='lat' dir='ltr'><strong>o</strong></span> <span class='ocrx_word' id='word_1_191' title='bbox 973 3900 1074 3988; x_wconf 93' lang='lat' dir='ltr'><strong>idum</strong></span> <span class='ocrx_word' id='word_1_192' title='bbox 1095 3916 1263 3990; x_wconf 86' lang='lat' dir='ltr'><strong>nostrum</strong></span> <span class='ocrx_word' id='word_1_193' title='bbox 1283 3911 1426 3990; x_wconf 84' lang='lat' dir='ltr'><strong>Dombe</strong></span> <span class='ocrx_word' id='word_1_194' title='bbox 1446 3905 1555 3989; x_wconf 91' lang='lat' dir='ltr'><strong>sitnm</strong></span> <span class='ocrx_word' id='word_1_195' title='bbox 1576 3905 1611 3988; x_wconf 95' lang='lat' dir='ltr'><strong>in</strong></span> <span class='ocrx_word' id='word_1_196' title='bbox 1632 3903 1750 3989; x_wconf 87' lang='lat' dir='ltr'><strong>Terra</strong></span> <span class='ocrx_word' id='word_1_197' title='bbox 1772 3920 1902 3991; x_wconf 90' lang='lat' dir='ltr'><strong>nostra</strong></span> <span class='ocrx_word' id='word_1_198' title='bbox 1924 3901 2059 3990; x_wconf 88' lang='lat' dir='ltr'><strong>Lanci-</strong></span> 
     </span>
     <span class='ocr_line' id='line_1_23' title="bbox 423 3931 2059 4140; baseline 0.005 -42"><span class='ocrx_word' id='word_1_199' title='bbox 423 4015 569 4117; x_wconf 84' lang='lat' dir='ltr'><strong>ciensi,</strong></span> <span class='ocrx_word' id='word_1_200' title='bbox 601 4013 671 4099; x_wconf 92' lang='lat' dir='ltr'><strong>sibi</strong></span> <span class='ocrx_word' id='word_1_201' title='bbox 691 4043 760 4127; x_wconf 90' lang='lat' dir='ltr'><strong>per</strong></span> <span class='ocrx_word' id='word_1_202' title='bbox 780 4045 851 4101; x_wconf 92' lang='lat' dir='ltr'><strong>nos</strong></span> <span class='ocrx_word' id='word_1_203' title='bbox 870 4015 907 4102; x_wconf 92' lang='lat' dir='ltr'><strong>in</strong></span> <span class='ocrx_word' id='word_1_204' title='bbox 928 3931 1098 4104; x_wconf 81' lang='lat' dir='ltr'><strong>dircentis</strong></span> <span class='ocrx_word' id='word_1_205' title='bbox 1118 4023 1256 4108; x_wconf 88' lang='lat' dir='ltr'><strong>marcis</strong></span> <span class='ocrx_word' id='word_1_206' title='bbox 1278 4021 1502 4140; x_wconf 78' lang='lat' dir='ltr'><strong>obligatum,</strong></span> <span class='ocrx_word' id='word_1_207' title='bbox 1534 4045 1617 4106; x_wconf 89' lang='lat' dir='ltr'><strong>cum</strong></span> <span class='ocrx_word' id='word_1_208' title='bbox 1647 4019 1817 4106; x_wconf 90' lang='lat' dir='ltr'><strong>omnibus</strong></span> <span class='ocrx_word' id='word_1_209' title='bbox 1847 4036 1882 4107; x_wconf 86' lang='lat' dir='ltr'><strong>et</strong></span> <span class='ocrx_word' id='word_1_210' title='bbox 1904 4019 2059 4140; x_wconf 77' lang='lat' dir='ltr'><strong>singulis</strong></span> 
     </span>
     <span class='ocr_line' id='line_1_24' title="bbox 433 4128 2060 4254; baseline 0.005 -40"><span class='ocrx_word' id='word_1_211' title='bbox 433 4128 655 4236; x_wconf 80' lang='lat' dir='ltr'><strong>utilitatibus,</strong></span> <span class='ocrx_word' id='word_1_212' title='bbox 677 4133 863 4234; x_wconf 87' lang='lat' dir='ltr'><strong>censibus,</strong></span> <span class='ocrx_word' id='word_1_213' title='bbox 883 4135 1075 4242; x_wconf 80' lang='lat' dir='ltr'><strong>fructibus,</strong></span> <span class='ocrx_word' id='word_1_214' title='bbox 1098 4139 1351 4254; x_wconf 81' lang='lat' dir='ltr'><strong>prodentibus,</strong></span> <span class='ocrx_word' id='word_1_215' title='bbox 1372 4136 1588 4240; x_wconf 86' lang='lat' dir='ltr'><strong>redditibus,</strong></span> <span class='ocrx_word' id='word_1_216' title='bbox 1610 4137 1847 4254; x_wconf 86' lang='lat' dir='ltr'><strong>pertinencijs</strong></span> <span class='ocrx_word' id='word_1_217' title='bbox 1869 4151 1906 4223; x_wconf 90' lang='lat' dir='ltr'><strong>et</strong></span> <span class='ocrx_word' id='word_1_218' title='bbox 1922 4169 1970 4254; x_wconf 93' lang='lat' dir='ltr'><strong>ap</strong></span> <span class='ocrx_word' id='word_1_219' title='bbox 1999 4167 2060 4224; x_wconf 91' lang='lat' dir='ltr'><strong>en·</strong></span> 
     </span>
     <span class='ocr_line' id='line_1_25' title="bbox 433 4169 2058 4372; baseline 0.004 -42"><span class='ocrx_word' id='word_1_220' title='bbox 433 4242 505 4360; x_wconf 87' lang='lat' dir='ltr'><strong>dijs</strong></span> <span class='ocrx_word' id='word_1_221' title='bbox 524 4247 724 4352; x_wconf 60' lang='lat' dir='ltr'><strong>uniuersis</strong></span> <span class='ocrx_word' id='word_1_222' title='bbox 757 4246 806 4336; x_wconf 91' lang='lat' dir='ltr'><strong>ad</strong></span> <span class='ocrx_word' id='word_1_223' title='bbox 828 4251 949 4366; x_wconf 82' lang='lat' dir='ltr'><strong>ipsum</strong></span> <span class='ocrx_word' id='word_1_224' title='bbox 970 4253 1121 4368; x_wconf 90' lang='lat' dir='ltr'><strong>opidum</strong></span> <span class='ocrx_word' id='word_1_225' title='bbox 1146 4263 1284 4342; x_wconf 85' lang='lat' dir='ltr'><strong>Dombe</strong></span> <span class='ocrx_word' id='word_1_226' title='bbox 1305 4254 1584 4367; x_wconf 89' lang='lat' dir='ltr'><strong>quomodolibet</strong></span> <span class='ocrx_word' id='word_1_227' title='bbox 1604 4254 1877 4372; x_wconf 90' lang='lat' dir='ltr'><strong>spectantibus,</strong></span> <span class='ocrx_word' id='word_1_228' title='bbox 1906 4169 2058 4364; x_wconf 80' lang='lat' dir='ltr'><strong>quilius-</strong></span> 
     </span>
     <span class='ocr_line' id='line_1_26' title="bbox 433 4371 2061 4487; baseline 0.007 -39"><span class='ocrx_word' id='word_1_229' title='bbox 433 4387 594 4473; x_wconf 89' lang='lat' dir='ltr'><strong>cumque</strong></span> <span class='ocrx_word' id='word_1_230' title='bbox 627 4381 825 4454; x_wconf 78' lang='lat' dir='ltr'><strong>vocentur</strong></span> <span class='ocrx_word' id='word_1_231' title='bbox 843 4371 1072 4476; x_wconf 88' lang='lat' dir='ltr'><strong>nominibus,</strong></span> <span class='ocrx_word' id='word_1_232' title='bbox 1110 4401 1161 4459; x_wconf 90' lang='lat' dir='ltr'><strong>eo</strong></span> <span class='ocrx_word' id='word_1_233' title='bbox 1197 4371 1311 4460; x_wconf 92' lang='lat' dir='ltr'><strong>modo</strong></span> <span class='ocrx_word' id='word_1_234' title='bbox 1348 4385 1386 4459; x_wconf 89' lang='lat' dir='ltr'><strong>et</strong></span> <span class='ocrx_word' id='word_1_235' title='bbox 1420 4374 1527 4476; x_wconf 86' lang='lat' dir='ltr'><strong>iure,¹</strong></span> <span class='ocrx_word' id='word_1_236' title='bbox 1556 4373 1688 4482; x_wconf 88' lang='lat' dir='ltr'><strong>quibos</strong></span> <span class='ocrx_word' id='word_1_237' title='bbox 1719 4373 1839 4487; x_wconf 91' lang='lat' dir='ltr'><strong>ipsum</strong></span> <span class='ocrx_word' id='word_1_238' title='bbox 1874 4383 2061 4459; x_wconf 78' lang='lat' dir='ltr'><strong>anostra</strong></span> 
     </span>
    </p>
   </div>
   <div class='ocr_carea' id='block_1_12' title="bbox 432 4629 2061 4888">
    <p class='ocr_par' dir='ltr' id='par_1_13' title="bbox 432 4629 2061 4888">
     <span class='ocr_line' id='line_1_27' title="bbox 533 4629 2052 4720; baseline 0.003 -25"><span class='ocrx_word' id='word_1_239' title='bbox 533 4629 573 4712; x_wconf 87' lang='lat'><strong>(¹)</strong></span> <span class='ocrx_word' id='word_1_240' title='bbox 601 4630 649 4695; x_wconf 83' lang='lat' dir='ltr'><strong>Ex</strong></span> <span class='ocrx_word' id='word_1_241' title='bbox 663 4629 827 4714; x_wconf 78' lang='lat' dir='ltr'><strong>archetypo</strong></span> <span class='ocrx_word' id='word_1_242' title='bbox 840 4633 1075 4700; x_wconf 84' lang='lat' dir='ltr'><strong>membranaceo</strong></span> <span class='ocrx_word' id='word_1_243' title='bbox 1099 4635 1154 4702; x_wconf 59' lang='grc' dir='ltr'><strong>ΝΜ</strong></span> <span class='ocrx_word' id='word_1_244' title='bbox 1176 4635 1236 4702; x_wconf 84' lang='grc'><strong>341</strong></span> <span class='ocrx_word' id='word_1_245' title='bbox 1260 4637 1469 4702; x_wconf 84' lang='lat' dir='ltr'><strong>Varsoriensis</strong></span> <span class='ocrx_word' id='word_1_246' title='bbox 1490 4637 1632 4702; x_wconf 85' lang='lat' dir='ltr'><strong>tabularii</strong></span> <span class='ocrx_word' id='word_1_247' title='bbox 1656 4636 1833 4720; x_wconf 84' lang='lat' dir='ltr'><strong>publici-Re</strong></span> <span class='ocrx_word' id='word_1_248' title='bbox 1855 4633 1886 4698; x_wconf 90' lang='lat' dir='ltr'><strong>ni</strong></span> <span class='ocrx_word' id='word_1_249' title='bbox 1909 4635 2052 4700; x_wconf 77' lang='lat' dir='ltr'><strong>Pelopiae</strong></span> 
     </span>
     <span class='ocr_line' id='line_1_28' title="bbox 432 4711 2061 4806; baseline 0.002 -28"><span class='ocrx_word' id='word_1_250' title='bbox 432 4711 570 4796; x_wconf 79' lang='lat' dir='ltr'><strong>Sigillum</strong></span> <span class='ocrx_word' id='word_1_251' title='bbox 593 4733 759 4797; x_wconf 88' lang='lat' dir='ltr'><strong>appensum</strong></span> <span class='ocrx_word' id='word_1_252' title='bbox 782 4716 911 4779; x_wconf 84' lang='lat' dir='ltr'><strong>teeoiola</strong></span> <span class='ocrx_word' id='word_1_253' title='bbox 927 4737 1109 4800; x_wconf 81' lang='lat' dir='ltr'><strong>pergamena</strong></span> <span class='ocrx_word' id='word_1_254' title='bbox 1124 4722 1204 4786; x_wconf 89' lang='lat' dir='ltr'><strong>idem</strong></span> <span class='ocrx_word' id='word_1_255' title='bbox 1220 4719 1301 4806; x_wconf 85' lang='lat' dir='ltr'><strong>quod</strong></span> <span class='ocrx_word' id='word_1_256' title='bbox 1316 4722 1453 4806; x_wconf 84' lang='lat' dir='ltr'><strong>inopere</strong></span> <span class='ocrx_word' id='word_1_257' title='bbox 1475 4720 1585 4796; x_wconf 81' lang='lat' dir='ltr'><strong>„thbr</strong></span> <span class='ocrx_word' id='word_1_258' title='bbox 1606 4719 1700 4785; x_wconf 75' lang='lat' dir='ltr'><strong>Proto</strong></span> <span class='ocrx_word' id='word_1_259' title='bbox 1722 4720 1830 4785; x_wconf 63' lang='lat' dir='ltr'><strong>Line·</strong></span> <span class='ocrx_word' id='word_1_260' title='bbox 1856 4719 1931 4796; x_wconf 59' lang='grc' dir='ltr'><strong>’Μ’</strong></span> <span class='ocrx_word' id='word_1_261' title='bbox 1955 4717 2061 4783; x_wconf 88' lang='lat' dir='ltr'><strong>inimo</strong></span> 
     </span>
     <span class='ocr_line' id='line_1_29' title="bbox 434 4796 1827 4888; baseline 0.011 -29"><span class='ocrx_word' id='word_1_262' title='bbox 434 4805 517 4877; x_wconf 86' lang='lat' dir='ltr'><strong>parte</strong></span> <span class='ocrx_word' id='word_1_263' title='bbox 532 4796 667 4862; x_wconf 82' lang='lat' dir='ltr'><strong>Tabulae</strong></span> <span class='ocrx_word' id='word_1_264' title='bbox 681 4799 752 4862; x_wconf 78' lang='lat' dir='ltr'><strong>lV⁸⁶</strong></span> <span class='ocrx_word' id='word_1_265' title='bbox 767 4798 957 4888; x_wconf 65' lang='lat' dir='ltr'><strong>dextporsum</strong></span> <span class='ocrx_word' id='word_1_266' title='bbox 972 4801 1107 4866; x_wconf 82' lang='lat' dir='ltr'><strong>effictum</strong></span> <span class='ocrx_word' id='word_1_267' title='bbox 1122 4813 1178 4868; x_wconf 77' lang='lat' dir='ltr'><strong>est</strong></span> <span class='ocrx_word' id='word_1_268' title='bbox 1488 4811 1495 4818; x_wconf 92' lang='grc'><em>“</em></span> <span class='ocrx_word' id='word_1_269' title='bbox 1825 4845 1827 4849; x_wconf 92' lang='grc'>-</span> 
     </span>
    </p>
   </div>
   <div class='ocr_carea' id='block_1_13' title="bbox 0 0 2394 5952">
    <p class='ocr_par' dir='ltr' id='par_1_14' title="bbox 0 0 2394 5952">
     <span class='ocr_line' id='line_1_30' title="bbox 0 0 2394 5952; baseline 0 0"><span class='ocrx_word' id='word_1_270' title='bbox 0 0 2394 5952; x_wconf 95' lang='lat' dir='ltr'><strong> </strong></span> 
     </span>
    </p>
   </div>
  </div>
 </body>
</html>
