4800 5942
952 717 1319 796 ...ωὖ-

191 987 195 994 ·
354 921 569 1030 ‚ceodrum
598 923 713 1026 iuste,
744 920 860 1027 licite,
891 935 930 1010 et
960 920 1138 1040 legittime
1168 917 1259 1010 dota
1289 935 1328 1010 et
1346 917 1509 1024 donata,
1529 947 1586 1006 nao
1615 906 1726 1016 dotas
1757 933 1794 1008 et
1820 919 1996 1018 donatus:

350 1043 485 1140 ‚u'oium
504 1069 620 1158 super
638 1040 750 1132 bonis
769 1039 1017 1134 immobilibus
1037 1038 1291 1156 hereditarijs,
1323 1065 1485 1157 quorum
1500 1039 1788 1154 pussessionem
1812 1036 1995 1132 hedenus

350 1159 593 1276 ,babuerunt
622 1175 660 1252 et
679 1189 780 1250 ormo
798 1159 885 1276 ipso
903 1159 1004 1251 iacto
1025 1157 1182 1252 babent:
1209 1159 1408 1275 signanter
1438 1186 1530 1246 veru
1560 1155 1795 1274 privilegium
1816 1160 1994 1276 gebarde

351 1293 540 1374 :temesae
559 1273 686 1398 Regis
705 1275 923 1383 Alexandri,
944 1277 1049 1368 droa
1062 1278 1122 1366 sui
1140 1277 1176 1363 in
1196 1273 1518 1396 Magoumducem
1534 1275 1843 1368 snotinncimen
1857 1274 1993 1383 datum,

360 1397 703 1501 manutenebimus,
725 1396 1065 1502 massmannus,
1097 1394 1373 1498 custodiemus,
1404 1423 1454 1484 ac
1478 1393 1735 1500 attendemus,
1765 1394 1801 1482 in
1823 1396 1995 1504 omum

352 1515 538 1621 articulis,
551 1515 747 1617 'clausulis
768 1527 883 1632 utque
904 1515 1077 1633 punctis.¹
1105 1511 1196 1602 ltem
1218 1513 1319 1604 buna
1340 1512 1489 1603 duoolia
1508 1511 1679 1604 eiusdem
1698 1511 1996 1632 Magnidocatus

350 1651 435 1720 non
450 1635 672 1739 minuemus,
689 1633 759 1726 sed
774 1635 909 1728 iniuste
924 1633 1097 1740 alienata,
1112 1647 1149 1720 et
1163 1633 1285 1722 illicite
1301 1631 1492 1736 distracta,
1513 1632 1807 1750 surrentinisque
1821 1633 1995 1750 impetra·

290 1745 302 1770 '
358 1765 409 1857 ta,
424 1751 475 1840 ad
490 1749 762 1872 proprietatem
774 1751 942 1842 eiusdem
959 1750 1196 1858 reducemus
1213 1767 1250 1840 et
1264 1750 1449 1840 reducere
1465 1750 1690 1840 curabimus.
1721 1750 1813 1840 lteur
1829 1752 1863 1838 si
1877 1749 1994 1840 douai

349 1889 430 1962 -nus
452 1869 558 1961 Deus
578 1873 717 1963 lavabit
737 1873 848 1962 nubis
867 1871 1022 1990 assequi
1042 1869 1243 1960 dominium
1264 1882 1340 1956 tam
1361 1868 1491 1989 Regni
1512 1868 1685 1975 Polonie,
1707 1899 1817 1988 mam
1838 1869 1994 1960 aliarum

358 1983 583 2097 Terrarum
623 2005 761 2081 extunc
796 1988 959 2078 dominia
996 2003 1125 2078 nostra
1160 1987 1457 2108 Magniducatus
1492 1985 1710 2095 Litbvanie,
1750 2003 1787 2078 et
1821 1986 1993 2078 dominos

360 2104 631 2212 Cesettianus,
664 2111 701 2196 in
721 2107 823 2195 nullo
843 2107 1056 2196 iniuriemus
1077 2106 1180 2217 (sict
1215 2105 1287 2194 sed
1307 2107 1357 2204 ab
1378 2109 1477 2196 omni
1498 2105 1646 2193 levitate
1666 2136 1713 2193 ac
1734 2105 1783 2193 de
1810 2108 1992 2212 ressioue,

352 2238 472 2344 ,prout
491 2225 615 2314 diwus
636 2226 787 2346 genitur
806 2238 947 2330 noster,
969 2239 1138 2341 tempore
1158 2223 1275 2314 ielicis
1297 2225 1355 2312 soi
1370 2225 1575 2344 regiminis,
1595 2225 1766 2328 iaciebat,
1784 2138 1860 2312 lec
1880 2223 1994 2316 domi-

323 2409 327 2416 -
349 2344 707 2450 ‚uiaeustudiemus
753 2344 843 2436 ltem
865 2345 1089 2463 quicumque
1109 2340 1342 2432 subditorum
1362 2356 1590 2446 nostrorum,
1610 2343 1646 2428 in
1666 2341 1845 2458 predictis
1865 2343 1994 2434 Terris

348 2456 672 2581 Megaboccus,
704 2493 820 2581 super
839 2464 919 2552 suis
939 2463 1049 2552 bonis
1072 2461 1338 2568 immobilibuS,
1370 2459 1616 2578 hereditarias
1647 2460 1774 2550 literas
1794 2477 1860 2550 aut
1878 2463 1993 2551 muni-

355 2596 482 2668 menta
502 2612 578 2669 non
601 2581 804 2685 babentes,
826 2581 1023 2682 sufficienti
1043 2596 1167 2670 maren
1188 2578 1264 2669 lide
1284 2576 1485 2698 dignorum
1506 2580 1718 2668 testimonio
1741 2579 1992 2696 probaverint·

355 2698 459 2789 bona
490 2697 702 2787 huiusmodi
732 2715 901 2816 tempure
931 2699 1161 2816 Magnorum
1193 2697 1342 2786 Ducum
1371 2696 1566 2786 lithuanie
1597 2697 1761 2786 Vitowdi
1783 2697 1840 2788 vel
1869 2698 1990 2816 Sigis-

354 2814 494 2921 mnndi,
515 2831 580 2906 aut
599 2816 675 2908 divi
696 2817 887 2922 Karimiri,
909 2817 1076 2934 parentis
1097 2818 1226 2923 nostri,
1247 2849 1291 2906 se
1311 2817 1371 2906 vel
1392 2847 1485 2906 suus
1501 2816 1701 2936 legittimus
1716 2829 1904 2933 parentes,
1925 2829 1991 2905 aut

351 2934 654 3052 predecessores
684 2933 845 3051 pacifice
869 2933 1109 3051 possedisse:
1139 2935 1387 3032 remanebunt
1407 2937 1509 3023 circa
1529 2931 1684 3040 eadem,
1714 2934 1871 3052 perinde
1891 2963 1940 3024 uc
1959 2935 1992 3024 si

353 3065 480 3142 certas
501 3053 628 3142 literas
649 3066 714 3140 aut
735 3055 959 3142 munimenta
981 3053 1163 3142 haberent
1178 3085 1293 3172 super
1310 3052 1463 3144 eisdem.
1492 3049 1583 3140 ltem
1600 3055 1632 3142 si
1650 3054 1733 3172 quis
1748 3053 1990 3172 obloquendo

352 3173 592 3262 accusaverit
611 3173 826 3289 quempiam
845 3171 895 3260 ed
912 3173 1108 3278 infamiam,
1129 3188 1193 3260 aut
1209 3173 1342 3290 capitis
1358 3172 1655 3277 dimensionem,
1675 3201 1747 3262 nec
1762 3173 1988 3290 probaverit;

352 3291 529 3410 punietur
549 3320 650 3408 pena
671 3291 828 3396 talionis
850 3321 900 3378 ao
918 3292 950 3376 si
971 3322 1016 3376 se
1036 3293 1291 3408 inscripsisset
1309 3289 1360 3378 od
1382 3288 1551 3380 eaodem.
1594 3291 1687 3378 ltem
1708 3322 1824 3410 super
1843 3291 1988 3380 statutis

354 3421 392 3496 et
422 3408 757 3498 consuetudinibus
791 3409 1014 3527 approbatis
1049 3424 1087 3496 et
1117 3405 1302 3515 laudatis,
1336 3409 1495 3522 antiquis
1530 3409 1751 3515 servandis,
1786 3424 1851 3498 aut
1880 3410 1989 3499 novis

355 3525 588 3633 oondaodb,
609 3527 983 3648 promulgandisque,
1004 3542 1041 3616 et
1061 3528 1239 3646 plurimis,
1260 3553 1334 3641 quc
1354 3525 1692 3618 eruntordinanda
1714 3558 1784 3646 pro
1805 3529 1992 3618 cummuni

353 3645 505 3735 utilitate
536 3645 741 3763 reipublice
771 3675 819 3734 ao
850 3660 1001 3736 nostra:
1032 3647 1179 3736 nonnisi
1210 3677 1296 3736 oum
1326 3660 1473 3736 matura
1503 3644 1798 3753 deliberacione,
1829 3677 1878 3735 ac
1904 3677 2007 3766 cum

350 3762 450 3860 scitur
470 3775 507 3850 et
527 3765 705 3869 consiliu,
737 3788 1002 3876 consensuque
1024 3765 1260 3856 dominorum
1291 3765 1596 3856 Consiliariorum
1617 3781 1829 3857 nostrorum
1854 3764 1997 3882 Magni

350 3877 525 3970 Dueutus
544 3878 761 3984 Litbvanie,
793 3884 1037 3970 tractabimus
1056 3915 1105 3972 uc
1125 3884 1382 4003 disponemus.
1439 3881 1524 3975 Nos
1556 3887 1678 3996 itaque
1708 3881 1986 4004 sigismundus,

312 4057 314 4061 -
351 3993 520 4117 Magnus
540 3997 648 4106 Dux,
680 4000 929 4116 peticionibus
949 4002 1178 4117 prelatorum
1202 4003 1444 4092 -Prelatorum
1465 4015 1585 4092 status
1604 4003 1814 4113 utriusque,
1847 3999 1987 4090 Consi-

349 4113 539 4204 liariorum
570 4133 607 4206 et
627 4117 872 4207 Subditurum
898 4133 1132 4226 nostrorum,
1164 4133 1339 4232 tanquam
1360 4119 1463 4210 iustis
1484 4119 1736 4212 favorabiliter
1764 4133 1987 4208 annuentes·

350 4230 506 4351 dignum
528 4235 722 4343 duximus,
753 4239 789 4326 io
810 4239 917 4355 ipsos
938 4238 1071 4325 oeulos
1092 4240 1239 4356 pietatis
1261 4256 1389 4330 nostre
1411 4241 1578 4357 aperire,
1610 4253 1648 4328 et
1668 4240 1722 4327 eis
1742 4238 1852 4342 hunc,
1875 4264 1985 4350 quam

348 4367 439 4444 autu
458 4367 495 4442 et
516 4381 644 4470 opera,
675 4356 785 4445 veluti
806 4357 943 4444 atblstu
967 4354 1112 4461 lideles,
1143 4358 1180 4444 in
1200 4389 1271 4446 nos
1292 4359 1537 4447 exlnibuerunt
1556 4359 1808 4446 sinceritatem
1836 4371 1872 4442 et
1892 4384 1984 4444 con·

349 4471 553 4579 stanciom,
584 4474 811 4592 gratitudine
836 4489 987 4581 nostra,
1018 4490 1059 4563 ut
1079 4475 1200 4584 decet,
1231 4507 1491 4596 compensare.
1542 4475 1636 4566 lude
1662 4508 1711 4564 ex
1731 4489 1832 4562 certe
1854 4485 1987 4562 nostra

349 4587 532 4696 mancia,
553 4590 824 4707 prehabitaque
845 4591 1041 4682 sufficienti
1061 4593 1350 4705 deliberacione,
1371 4598 1497 4684 animo
1516 4595 1717 4700 benevolo,
1739 4609 1775 4681 et
1795 4591 1987 4682 voluntate

350 4719 481 4796 nostra
500 4709 690 4818 ultronea,
712 4711 721 4798 i
750 4712 805 4798 sis
824 4712 977 4829 prelatis
999 4711 1235 4820 Beronibus,
1266 4714 1503 4834 Dignitarijs,
1523 4711 1721 4817 Militibus,
1742 4710 1985 4814 Proceribos,

349 4815 556 4932 Nobilibus,
578 4827 725 4920 Civitati
800 4845 868 4938 ,ut
884 4831 1195 4946 eorumdem(sic)
1219 4833 1565 4940 Commuoitatibus,
1586 4833 1799 4944 ueterisque
1820 4828 1985 4920 Subditis
