4788 5926
1114 793 1158 808 ...
1212 751 1361 825 00*-

421 955 581 1044 Nioolao
595 957 828 1045 condidimus
844 955 967 1042 villam
981 967 1239 1072 nostram-que
1255 951 1388 1039 dieitur
1401 947 1644 1065 Soleolowll.)
1664 978 1735 1070 pro
1751 951 1883 1040 decem
1899 955 2049 1062 parcis,

421 1071 797 1165 iurel'beutbonioo
812 1072 1034 1177 locandam3
1065 1069 1287 1158 contulimus
1318 1084 1356 1157 et
1375 1069 1583 1158 scultetiam
1615 1071 1755 1158 sibiet
1770 1074 1853 1160 ‘eius
1885 1075 2048 1206 postoris
2105 1117 2110 1127 ·

420 1187 645 1278 hereditario
670 1193 767 1309 jure
785 1221 832 1278 ae
853 1189 1072 1309 pacifice‘in
1094 1205 1318 1307 perpetuom,
1335 1187 1617 1308 possidendam.
1664 1189 1874 1283 statuimus
1892 1192 2049 1277 enimin
2181 1185 2186 1194 ’

289 1351 293 1369 =
363 1381 371 1393 .
419 1311 503 1427 ipsa
522 1309 608 1396 villa
638 1315 821 1410 Sokobw,
855 1312 969 1396 otius
991 1323 1028 1394 et
1048 1306 1283 1394 consuetudo
1311 1307 1348 1392 in
1370 1305 1542 1393 omnibus
1572 1318 1622 1390 et*
1639 1309 1863 1422 peremnia
1893 1307 2048 1396 civitatis

419 1426 718 1539 Brzesteosr’slll
740 1427 934 1514 habeatur.
975 1424 1203 1512 Libertatem
1224 1425 1293 1512 sibi
1314 1425 1537 1510 contulimus
1567 1423 1616 1510 ad
1643 1423 1856 1512 faciendum
1875 1425 2048 1542 juditium

419 1575 534 1662 super
563 1575 694 1634 omnes
725 1547 786 1664 qui
815 1544 914 1631 male
942 1543 1107 1632 facerint.
1163 1541 1390 1628 Libertatem
1422 1541 1543 1628 incole
1573 1543 1691 1676 ipsius
1726 1543 1810 1632 ville¹
1844 1543 1893 1630 de
1931 1543 2049 1659 pratis

419 1663 624 1775 (taralis)
656 1665 780 1782 agris,
815 1661 984 1765 duobus,
1020 1659 1069 1747 de
1098 1660 1269 1776 virgultis
1304 1689 1398 1748 vero
1429 1657 1628 1747 duodecim
1659 1663 1766 1749 annis
1796 1659 2049 1748 omnimodam

419 1781 582 1868 acensu
609 1809 739 1868 annuo
756 1779 1055 1868 conservabunt:
1085 1778 1191 1865 annis
1211 1806 1305 1866 vero
1326 1775 1527 1864 duodecim
1548 1780 1731 1893 peractis,
1760 1778 1941 1866 scultetus
1962 1805 2049 1892 pre-

419 1897 542 1986 dictus
571 1910 640 1985 seu
671 1902 812 2016 posteri
840 1899 960 2014 ipsius
981 1911 1126 1982 sextum
1148 1925 1319 1982 mansum
1339 1925 1408 2013 per
1428 1895 1468 2006 (l
1490 1896 1583 2010 pro)
1604 1925 1648 1981 se
1667 1895 1820 1982 liberum
1841 1893 2050 1982 retinebunt

418 2045 443 2100 a
464 2018 649 2104 solutione
670 2014 886 2102 omnimoda
907 2015 1073 2101 censuali
1094 2013 1332 2104 etdecimali.
1373 2011 1557 2098 Dedimus
1578 2011 1697 2099 eidem
1719 2011 1887 2098 Sculteto
1907 2011 2050 2099 scilicet

314 2225 320 2239 „
418 2130 580 2220 Nicolao
611 2134 747 2220 etsuis
778 2130 1068 2220 successoribus
1089 2133 1282 2219 tabernam
1304 2131 1420 2238 bbere
1444 2129 1654 2245 possidere.
1682 2128 1908 2216 Enaesinn
1925 2124 2049 2242 licebit

318 2246 323 2256 ’
418 2247 540 2336 eidem
556 2249 783 2338 edificare-la
813 2250 945 2355 idibus,
966 2249 1156 2354 lateribus,
1177 2276 1245 2338 seu
1267 2249 1389 2366 lignis.
1420 2247 1512 2334 ltem
1531 2250 1656 2334 sittum
1677 2246 1927 2334 molendinum
1949 2248 2049 2332 iuxta

417 2367 624 2456 districtum
646 2400 714 2484 sue
733 2283 819 2455 villi
839 2367 1013 2486 gadium,
1044 2367 1276 2486 ubicumque
1291 2365 1461 2454 Sculteto
1482 2363 1672 2482 placuerit,
1693 2363 1898 2450 dummodo
1919 2374 2049 2452 nostro
2126 2455 2130 2462 ,

416 2485 631 2571 molendino
653 2515 767 2573 secus
789 2488 974 2578 civitatem
994 2483 1263 2571 Brzestensem
1284 2486 1407 2598 posito
1430 2483 1466 2566 in
1487 2482 1587 2566 nullo
1609 2480 1781 2568 videatur
1800 2481 2047 2598 preiudioare,

417 2631 490 2718 pro
520 2629 589 2687 sue
620 2618 731 2715 ponet
760 2603 899 2716 placito
929 2602 1148 2704 voluntatis3
1176 2600 1229 2694 ,de
1254 2628 1337 2714 ,quo
1357 2599 1426 2684 sibi
1447 2598 1604 2684 lruotum
1635 2599 1803 2711 meritum
1832 2599 2048 2715 reportabit

418 2717 482 2804 Ad
512 2716 722 2801 taciendam
753 2717 935 2833 piscinam
965 2745 1013 2802 ex
1043 2730 1199 2826 utraque
1229 2721 1337 2832 parte
1357 2713 1456 2802 littus
1478 2711 1561 2825 (sie)
1582 2731 1619 2801 et
1638 2745 1792 2803 arenam
1812 2716 1928 2803 libere
1947 2715 2062 2830 occi·-

417 2832 612 2949 piendam3
643 2846 681 2918 et
700 2834 737 2919 in
759 2831 892 2918 eadem
913 2833 1057 2949 piscina
1077 2833 1199 2919 nullus
1219 2846 1345 2948 preter
1366 2861 1462 2937 eum,
1484 2832 1544 2922 vel
1565 2835 1625 2919 cui
1645 2835 1845 2938 remiserit,
1866 2863 1981 2920 ausus
2002 2835 2050 2920 sit

447 2981 545 3037 rsces
565 2953 705 3068 venarj.
746 2949 807 3036 De
827 2948 990 3038 iudicatu
1012 2980 1082 3037 suo
1113 2950 1303 3036 Scultetus
1333 2949 1537 3036 denarium·
1551 2953 1716 3058 tertium,
1746 2981 1818 3040 nos
1838 2982 1930 3040 vero
1951 2949 2049 3038 duos

315 3055 328 3074 ⁸
417 2979 637 3154 babebimus
656 3070 887 3187 assignatos.
928 3067 1117 3174 iuditium,
1138 3067 1391 3174 consuetudo,
1419 3097 1557 3156 census
1577 3085 1614 3156 et
1628 3071 1726 3186 jura,
1747 3100 1821 3187 que
1842 3069 1877 3154 in
1898 3069 2054 3177 civitate·

415 3183 588 3304 predicta
618 3185 838 3272 Brzestensi
859 3185 1061 3289 habentur,
1091 3186 1232 3272 invilla
1255 3185 1388 3272 eadem
1409 3202 1591 3304 perpetuo
1613 3189 1861 3278 servabuntur
1881 3187 2049 3301 plenarie

309 3327 341 3394 ‘a'
383 3327 388 3334 '
418 3315 457 3387 et
476 3301 589 3408 illese,
612 3319 650 3389 et
668 3295 949 3426 eodemmore,
964 3334 1039 3422 quo
1056 3304 1183 3392 *incole
1202 3301 1253 3392 de
1276 3301 1499 3417 Gustpo(⁴),
1520 3333 1673 3392 censum
1695 3318 1733 3389 et
1747 3302 1930 3398 decimam
1946 3303 2048 3392 simi-

417 3541 448 3600 ct
470 3555 529 3620 qua
550 3534 623 3603 illud
647 3537 685 3602 ad
708 3538 834 3604 uerbum
850 3537 1037 3624 descriptum
1052 3537 1243 3617 continetur,
1264 3538 1341 3604 libro
1357 3558 1450 3604 manu
1464 3538 1576 3624 scripto
1590 3537 1657 3602 54¹0
1673 3535 1723 3602 lol.
1738 3534 1800 3602 303
1815 3535 1957 3602 tabularii
1972 3535 2047 3622 regii

416 3619 635 3696 Varsuviensis,
649 3622 789 3706 Melrylro
803 3623 940 3687 lorbano
953 3623 1044 3707 vulgo
1060 3624 1140 3697 dieti,
1156 3623 1267 3689 inserta
1282 3622 1521 3713 est-Omnium
1537 3622 1670 3708 quidem,
1686 3641 1761 3707 quas
1777 3621 1935 3706 bucusque
1950 3621 2048 3686 obea-

417 3703 517 3768 dinuo
533 3724 549 3766 a
564 3703 717 3768 Vladislao
732 3706 857 3770 Lectico
874 3706 1077 3786 profectorum
1089 3707 1271 3781 tabularum,
1287 3707 1362 3772 baec
1374 3708 1471 3791 prima
1486 3715 1517 3770 ct
1528 3707 1730 3772 vetustissima
1743 3706 1831 3771 nobis
1842 3726 1909 3770 esse
1921 3705 2048 3776 videtur,

416 3787 548 3873 ideoque
563 3808 632 3853 cum
649 3788 758 3856 ceteris
774 3791 933 3865 nonnullis,
948 3810 1025 3874 quas
1041 3791 1160 3874 corpori
1178 3798 1284 3855 nostro
1300 3791 1481 3856 inseruimus
1495 3789 1623 3855 fratrum
1640 3790 1783 3856 Vladialoi
1799 3790 1910 3854 boetici
1926 3787 2047 3864 tabulis,

417 3873 544 3938 multum
561 3872 650 3950 lucit,
669 3880 706 3938 ut
721 3893 769 3940 ros
785 3873 822 3937 de
838 3871 953 3940 ditione
967 3873 1107 3940 Cosimiri
1125 3873 1217 3939 Ducis
1231 3875 1406 3949 monetae,
1430 3875 1573 3959 Cujovine
1589 3882 1620 3940 et
1634 3874 1777 3952 Siradiae,
1799 3874 1877 3938 inter
1891 3873 1968 3937 lilios
1983 3871 2049 3958 ejus

415 3956 581 4039 dispertito,
596 3973 676 4042 quae
692 3955 847 4042 bucusque
863 3954 955 4020 dubia
971 3963 1049 4036 eret,
1060 3958 1155 4042 magis
1171 3959 1296 4023 elucent
1324 3957 1412 4023 Coni.
1428 3959 1547 4055 Rbpelli
1562 3957 1666 4024 dact.
1684 3958 1718 4022 Τ.
1733 3957 1758 4025 l.
1773 3981 1804 4056 p.
1820 3957 1890 4022 491.

310 4084 320 4110 ι
425 4095 431 4126 ·.
517 4039 556 4136 (ᾖ)
587 4041 675 4120 Duae
690 4049 761 4132 suut
775 4042 861 4108 uillae
877 4041 1013 4108 Sokoldw
1028 4041 1074 4106 vel
1091 4041 1246 4109 Sokolouo
1260 4042 1421 4123 dictando
1436 4045 1547 4190 glutinus
1563 4043 1674 4126 biangi
1693 4043 1855 4116 verisimile
1867 4047 1932 4116 oet:
1951 4039 2046 4124 altam
2082 4093 2086 4104 .

417 4121 594 4216 paroehialis
614 4125 845 4212 ¹Gostynineosis
859 4125 1003 4192 territorii
1018 4124 1223 4214 regionisque,
1246 4127 1339 4195 altera
1355 4149 1445 4210 paroc
1468 4127 1514 4193 iae
1529 4125 1749 4211 Kruszpuoosis
1764 4124 1950 4214 Cuiariensis
1962 4121 2048 4194 terri-

416 4212 506 4280 torn,
528 4205 696 4274 brestensis
719 4231 790 4276 vero
813 4211 960 4295 regionis:
1007 4231 1113 4275 uarum
1130 4219 1231 4275 tamen
1246 4207 1320 4276 boec
1337 4211 1485 4294 posterior
1501 4212 1529 4278 in
1546 4211 1646 4278 tabula
1670 4221 1773 4277 nostra
1795 4205 1986 4295 intelligenda
2009 4229 2047 4274 eo
2107 4271 2111 4274 .

416 4285 514 4371 magis
529 4288 655 4365 videtur,
672 4309 736 4386 quo*
750 4295 788 4358 od
803 4295 926 4360 llurium
943 4232 1149 4380 Zplowripozlru
1164 4293 1239 4360 fines
1254 4295 1358 4381 oppidi
1374 4297 1545 4362 Brestcnsis
1561 4295 1827 4381 praeterfluentem
1842 4297 1899 4359 sita
1916 4303 1978 4368 est,
1994 4293 2047 4368 ita,

386 4385 390 4393 “
415 4382 451 4438 ut
466 4374 565 4437 molae
580 4390 724 4455 aquariae
746 4377 925 4444 Socoloviae
948 4389 979 4443 et
1001 4380 1138 4467 Brestiac
1160 4380 1314 4444 incudem
1336 4381 1460 4446 [lumine
1475 4381 1633 4465 conditae,
1657 4381 1715 4445 sibi
1732 4379 2001 4453 inuicemol'tiocro
2016 4385 2048 4444 et

416 4460 542 4524 obstare
551 4463 682 4542 possam
699 4455 787 4524 llaec
801 4471 902 4528 autern
915 4463 1106 4546 potissimum
1119 4464 1346 4536 molaeducalis
1357 4466 1526 4538 Brestcnsis
1538 4465 1657 4544 danna,
1669 4485 1707 4532 oc
1719 4485 1736 4529 a
1748 4464 1828 4532 mola
1839 4463 2046 4532 Soeotovieosi
2142 4495 2150 4516 ·

417 4540 592 4619 inferantur,
629 4551 766 4608 ruecoret
781 4544 966 4638 priuilegium
983 4557 1130 4615 nostrum.
1526 4577 1530 4584 ·
1933 4618 1936 4627 Δ
1970 4571 1974 4578 ·

495 4625 574 4773 titt·
618 4624 701 4692 rzetd
717 4625 897 4712 tllujawslri)
912 4630 1056 4714 oppidum
1073 4633 1254 4719 parochiale,
1270 4631 1456 4717 Gujariensis
1470 4633 1624 4710 territorii,
1646 4632 1841 4718 regionisque
1855 4632 1902 4698 sui
1917 4629 2049 4732 rrornlnit

417 4729 451 4774 ca
474 4729 495 4772 u

402 4861 405 4867 ,
455 4729 472 4794 p
518 4791 733 4890 (flflGouym‘o
749 4794 893 4880 oppidum
910 4797 1107 4863 Masoviensis
1117 4821 1197 4868 nune
1210 4801 1390 4888 provinciae,
1406 4801 1550 4867 territorii
1561 4809 1593 4868 et
1603 4801 1737 4887 regionis
1747 4799 1936 4866 sulnomioie
1946 4805 2047 4886 eaput,

416 4885 487 4942 octo
502 4885 621 4943 cnutur
636 4879 780 4944 milliariis
795 4901 812 4945 a
826 4881 896 4945 villa
912 4879 1068 4946 sitnm
1084 4883 1183 4950 distat
1532 4891 1545 4910 ”
1872 4921 1881 4932 ·
