4870 5948
1084 685 1335 773 ..431-

397 899 581 988 interdum
613 901 710 987 tinea
741 900 898 988 labentis
930 902 1107 1015 temporis
1125 903 1242 988 'nouit
1272 907 1470 1008 enervare,
1501 899 1755 1020 supradictam
1778 902 2020 1012 voluntatem,

399 1019 529 1138 sigillis
560 1049 644 1106 meo
676 1032 713 1104 et
745 1019 903 1135 Capituli
935 1019 1033 1104 beati
1068 1018 1289 1106 Wencezlai
1309 1022 1553 1124 communivi,
1585 1035 1622 1106 et
1647 1020 1858 1109 seculorum
1885 1023 2022 1110 se'culis

399 1136 677 1226 observandam
708 1139 905 1224 transmisi.
972 1137 1111 1222 Datum
1150 1168 1250 1224 anno
1291 1138 1626 1246 abinoaroatione
1658 1137 1796 1226 domini
1831 1140 2025 1227 millesimo
2123 1217 2126 1222 .

401 1255 482 1342 CC⁰
502 1256 592 1342 XX⁰
612 1255 699 1342 Vll⁰
721 1271 854 1374 quarto
876 1254 1058 1342 kalendas
1081 1253 1282 1358 Octobris,
1314 1259 1348 1342 in
1380 1257 1439 1342 die
1470 1257 1589 1342 sancti
1617 1255 1854 1364 Wencezlai,
1877 1258 2025 1374 Epacte

398 1371 489 1482 ΧΠ,
521 1388 768 1462 concurrente
788 1373 877 1478 llll,
907 1373 1001 1506 luna*
1014 1371 1123 1460 Xllll
1144 1369 1220 1487 (2),
1252 1373 1490 1491 pontificatus
1511 1376 1582 1460 mei
1603 1402 1703 1461 anno
1725 1375 1883 1465 decimo.

501 1625 539 1708 (2)
570 1625 609 1692 Ut
630 1624 778 1707 plurimae
799 1619 942 1710 Episcopi
964 1625 1065 1690 lvonis
1087 1624 1228 1701 tabulae,
1257 1625 1297 1690 ita
1320 1624 1467 1704 ethaeo,
1493 1585 1877 1711 exactissimatemporum
1901 1625 2027 1692 rationis

399 1709 608 1794 designatione
620 1709 749 1774 excellit:
764 1710 913 1796 siquidem
926 1707 983 1784 bic,
996 1717 1026 1773 et
1036 1711 1233 1794 Epcctarum‚
1245 1719 1277 1773 et
1289 1709 1512 1788 Concurrentis,
1525 1719 1555 1776 et
1565 1710 1656 1776 lunae
1667 1730 1821 1784 numerus,
1834 1711 2027 1796 (Epaotarum

397 1801 500 1859 tamen
522 1813 665 1860 numerus
680 1793 717 1857 ad
734 1795 914 1859 veteriorem
931 1794 1127 1876 computandi
1142 1797 1300 1870 rationem,
1316 1797 1343 1858 in
1360 1795 1491 1858 auctoris
1506 1795 1646 1880 anonymi
1662 1793 1777 1869 ,namt
1793 1793 2027 1860 Conscientia?

399 1877 598 1960 observatam)
618 1885 701 1942 recto
715 1878 877 1944 denotatus
892 1885 955 1949 est.
977 1897 1070 1963 quum
1087 1900 1194 1964 reapse
1210 1899 1320 1944 anrens
1337 1897 1481 1944 numerus
1495 1879 1563 1955 llll,
1579 1879 1707 1943 circulus
1723 1899 1793 1944 vero
1809 1879 1916 1944 solaris
1931 1880 1973 1944 lV
1988 1878 2027 1943 ad
2157 1916 2160 1932 ι

400 1983 512 2028 annum
535 1963 613 2028 1227
636 1971 806 2046 spectaret,
835 1965 884 2050 die
907 1983 979 2028 vero
1005 1964 1081 2028 {5⁰³⁸
1105 1965 1217 2029 mansis
1238 1963 1425 2048 Septembris
1449 1965 1584 2046 ejusdem
1608 1964 1676 2028 anni
1699 1963 1768 2028 luna
1793 1965 2027 2030 intermenstrua

399 2047 566 2112 luisset-
582 2047 816 2114 inconstantiam
840 2047 1079 2133 varietatemque
1102 2050 1210 2113 mentis
1233 2058 1372 2114 veterum
1392 2049 1469 2112 illins
1491 2049 1556 2116 aeri
1579 2047 1832 2132 scriptorum,-in
1848 2046 1903 2113 bac
1918 2049 1963 2114 vel
1979 2048 2028 2114 illc

399 2131 544 2196 methodo
558 2132 744 2216 Epnotarum
760 2133 994 2214 computationis
1009 2133 1181 2218 recipienda
1196 2141 1231 2197 nt
1245 2153 1419 2217 cognoscas,
1434 2133 1539 2198 conler
1550 2132 1608 2197 boc
1618 2132 1805 2222 privilegium
1819 2141 1954 2199 nostrum
1968 2151 2027 2196 non

398 2217 497 2280 solum
513 2237 582 2282 cum
598 2216 700 2291 tabula
717 2219 785 2282 anni
805 2218 884 2283 1227
901 2217 980 2300 apud
1003 2216 1203 2281 Nobeteceirm
1225 2217 1254 2298 (Ι.
1271 2238 1294 2282 c.
1310 2238 1339 2301 p.
1358 2215 1448 2296 loct,
1470 2217 1630 2282 sedetiam
1647 2237 1715 2281 oum
1732 2217 1841 2282 tabulis
1858 2218 1929 2282 anni
1948 2217 2028 2282 1224

296 2339 302 2348 ·
399 2297 460 2365 N¹¹¹
475 2301 505 2364 X
520 2309 551 2364 et
565 2300 610 2364 xl
624 2300 655 2363 in
672 2299 893 2386 Gtodyszeoicoi‘
903 2301 1055 2384 „oita'Ep.
1066 2301 1257 2364 Prandotoe”
1273 2300 1381 2382 (pilo
1393 2300 1486 2385 seqq.)
1499 2300 1665 2384 descriptis,
1682 2321 1811 2385 quarum
1825 2301 1883 2376 illa,
1898 2301 1969 2365 licet
1980 2300 2028 2365 via

297 2854 302 2864 .
423 2825 476 2870 aec
490 2804 568 2872 conl.
582 2805 696 2870 ldelm'
707 2803 879 2871 Huodiuclt

398 2383 502 2469 viginti
518 2383 636 2448 circiter
650 2383 758 2449 diebus
773 2384 927 2482 privilegio
943 2391 1045 2448 nostro
1061 2385 1217 2468 posterior.
1233 2382 1289 2448 bae
1305 2404 1385 2460 rero,
1401 2384 1471 2448 licet
1485 2384 1523 2447 ab
1539 2384 1649 2450 eodem
1664 2385 1757 2448 lvone
1771 2385 1925 2466 Episcopo
1937 2383 2027 2448 tertio

257 2493 263 2510 ¹
401 2487 482 2534 anno
498 2474 568 2532 ante
605 2466 755 2544 reiectae,
777 2470 938 2533 recentiori
954 2467 1071 2532 rationo
1086 2468 1268 2552 Dponisiana
1285 2473 1317 2532 et
1333 2467 1452 2532 Redana
1467 2467 1651 2550 Epactarum
1668 2488 1829 2534 numerum
1845 2467 2028 2533 subductum

399 2489 642 2618 tradunt-dec
657 2551 759 2638 itaque
775 2551 945 2618 mirandum
962 2558 1018 2626 cst,
1034 2551 1219 2636 praedictam
1235 2551 1306 2616 anni
1325 2547 1437 2616 litim*
1454 2551 1534 2633 apud
1551 2550 1754 2616 Nalielscium
1766 2551 1911 2625 tabulam,
1926 2552 1956 2618 iu
1968 2572 2030 2638 que

356 2647 362 2660 '
400 2643 431 2701 et
452 2635 645 2711 Indictionis,
668 2645 700 2702 at
721 2635 952 2711 concurrentis,
975 2644 1006 2701 et
1020 2635 1108 2700 lunae
1125 2655 1285 2702 numerum
1301 2635 1421 2718 egregie
1444 2634 1620 2699 denotatum
1643 2656 1710 2700 esse
1733 2635 1871 2720 probavi,
1895 2635 2031 2722 Epactae

398 2720 533 2869 primum
549 2741 708 2784 numerum
726 2718 878 2801 exhibere,
893 2720 1214 2870 juequuoimimqin
1226 2719 1330 2870 qqqula
1345 2717 1421 2784 haec
1437 2727 1541 2788 nostre
1556 2719 1693 2805 ejusdem
1709 2721 1778 2784 anni
1794 2718 1970 2785 exbibet.-'
1980 2719 2029 2786 Ad

914 2827 947 2869 er
1004 2825 1079 2888 rouo
1094 2827 1158 2889 opta
1202 2851 1210 2868 .
1291 2823 1400 2891 .seqq.

1158 3141 1273 3256 ru.

658 3379 1051 3510 §commentatae
1076 3397 1231 3463 amno
1257 3375 1422 3463 1228.
1448 3400 1518 3459 no.
1544 3377 1775 3461 Martio.

475 3580 777 3656 Grlmlalawe
789 3581 898 3668 aua,
913 3581 987 3654 olirn
1000 3580 1148 3654 teotonis
1162 3580 1230 3652 troi
1244 3578 1410 3654 macunen
1426 3581 1460 3652 et
1475 3579 1685 3654 sudomirus
1699 3578 1794 3652 uncia
1807 3579 1962 3674 urendus

479 3683 612 3760 renaudi
625 3682 658 3756 in
672 3682 761 3758 sbrie
776 3683 983 3758 tumuerim
993 3681 1222 3756 iiclboricnsis
1235 3681 1377 3755 liicbaeti
1390 3679 1544 3778 Episcopo
1558 3680 1733 3778 trojanensi
1746 3680 1887 3761 restituit
1902 3683 1952 3768 (¹).

503 3908 547 3996 ln
568 3911 717 3997 nornine
739 3910 855 4026 patris
876 3922 915 3995 et
931 3907 994 3996 filii
1015 3923 1051 3994 ct
1072 3908 1221 4023 spiritus
1242 3909 1383 4011 sancti,
1415 3937 1537 3994 amen.
1573 3907 1662 4027 Ego
1687 3905 1910 3994 Grimislava
1934 3906 2029 3992 Cra-

404 4027 512 4115 covie
532 4025 690 4116 [luntrix
706 4026 788 4140 (sic)
806 4041 845 4114 et
859 4027 1111 4132 Sandomirie‚
1127 4057 1156 4196 p

403 4144 513 4251 duxi,
544 4146 644 4262 quod
666 4144 918 4232 venerabilem
939 4146 1121 4257 lratrem(
1153 4143 1166 4255 )
1188 4175 1309 4230 meum
1330 4142 1553 4230 lllicbaelem
1582 4143 1845 4260 Cujaviensem
1865 4140 2028 4258 Episco-

404 4291 492 4381 pum
513 4263 548 4349 in
570 4263 686 4380 sylvis
708 4262 934 4351 Castellanic
953 4262 1218 4351 Volboriensis
1236 4260 1290 4374 (³)
1313 4289 1409 4379 quas
1430 4261 1583 4347 limitent
1602 4261 1703 4349 lluvii
1725 4261 1849 4364 Pilca,
1878 4260 2029 4362 Pirsna.

479 4551 485 4562 ·
507 4513 547 4598 (¹)
576 4515 624 4579 Ex
639 4513 815 4600 apographo
837 4535 854 4578 a
877 4515 958 4580 doct
980 4514 1190 4600 Stroncayrisli
1207 4517 1236 4578 in
1250 4511 1402 4578 tabulario
1424 4510 1555 4598 Capituli
1578 4512 1764 4600 Cujariensis
1786 4517 1925 4594 exarato,
1947 4510 2036 4597 quod,

406 4619 444 4666 ex
457 4599 546 4683 copia
560 4598 674 4664 ibidem
690 4607 842 4665 acervata
858 4599 1025 4680 descripsit

519 4688 532 4726 ²
578 4684 690 4748 Nonne
702 4685 804 4769 potius
818 4683 972 4771 „patrem”
986 4683 1147 4768 legendum
1164 4684 1225 4747 est‘t

406 4849 428 4916 ss
470 4849 478 4863 ·
521 4767 722 4918 awuifflm
743 4769 888 4854 oppidum
910 4767 1002 4834 bodie
1024 4767 1193 4856 parochiale
1213 4766 1353 4854 regionis
1373 4767 1605 4835 Petricorionsis
1627 4784 1722 4851 prope
1743 4765 1960 4846 petricorium,
1990 4764 2028 4828 ad

430 4869 532 4916 unum
591 4872 612 4918 o
663 4873 755 4918 roam.

1158 4027 1367 4114 resentibus
1383 4043 1420 4113 et
1435 4027 1565 4113 lutaris
1583 4041 1710 4112 notum
1731 4027 1857 4112 lacere
1874 4023 2030 4144 dignum
2093 4069 2098 4081 ·
2178 4031 2182 4042 '
