4870 5948
1118 801 1364 874 -14-
1473 867 1568 902 ‚.

1210 1106 1265 1222 vo
1416 1161 1419 1172 ’

904 1361 1085 1456 'Anno
1110 1338 1276 1457 118&
1306 1368 1556 1475 (Planci).
1642 1435 1678 1444 ..
1755 1359 1762 1372 “
1834 1303 1857 1445 Ι.
1923 1322 1927 1448 J

426 1572 586 1646 thtiu
600 1569 828 1644 culmum
842 1572 981 1642 susti
994 1574 1088 1648 uncis
1102 1576 1137 1646 at
1150 1575 1334 1648 lunaretaa
1348 1573 1494 1646 totonim
1505 1552 1901 1666 mmccccomiliariorm,
1916 1572 2051 1665 detecti
2185 1527 2191 1542 ⁵

425 1673 585 1748 tonderi
607 1674 729 1768 capella
749 1672 791 1746 erl
812 1675 979 1748 canonicor
1000 1676 1153 1750 ecclcsiae
1176 1676 1367 1750 cathmralir
1387 1674 1546 1748 Ptoeansis
1566 1671 1757 1769 pertinente,
1784 1671 2051 1748 altrirosand'om

876 1793 951 1850 roro
967 1776 1101 1870 quotam
1116 1781 1150 1850 et
1164 1777 1280 1856 datheo
1295 1777 1357 1848 rili
1370 1775 1530 1847 vindicata
1544 1775 1597 1862 (¹).
1626 1786 1630 1794 ’

527 1997 640 2086 Anno
662 1983 854 2086 millesimo
874 2002 1079 2086 centesimo
1097 1987 1356 2116 octuagesimi)
1373 1997 1531 2116 septimo
1547 1997 1812 2084 incarnationis
1834 1997 2052 2104 dominicae,

430 2113 706 2204 Crivosandum
747 2146 832 2203 cum
871 2118 1015 2204 Cetheo
1048 2115 1221 2204 excitavit
1249 2117 1415 2201 inimicus
1451 2115 1584 2221 homo,
1635 2117 1811 2232 injuriose
1845 2114 2053 2202 reclamare

429 2233 611 2350 capellam
647 2234 746 2320 beati
788 2232 982 2320 Benedicti
1020 2237 1054 2320 in
1091 2233 1429 2320 audientialncliti
1465 2233 1582 2318 Ducis
1620 2232 1789 2318 Casimiri
1826 2263 2053 2350 suorumque

419 2349 661 2468 Principum,
682 2351 856 2439 videlicet
876 2351 1032 2440 duorum
1049 2351 1337 2472 Episcoporum,
1358 2343 1537 2436 Plocensi
1558 2349 1673 2435 Vitho
1694 2349 1787 2462 (sic),
1808 2367 1919 2467 atque
1943 2349 2053 2468 Cuja

235 2493 238 2502 ⁴
268 2479 279 2504 '
325 2497 335 2520 ⁴
426 2470 545 2554 viensi
566 2467 759 2584 Stephano
781 2471 862 2578 (sic)
885 2467 957 2582 (2),
984 2486 1020 2556 et
1040 2469 1177 2556 Zirone
1200 2461 1333 2554 lllustri
1350 2469 1518 2571 Comite,
1540 2481 1577 2552 et
1595 2465 1754 2554 Nicolao
1772 2469 1942 2554 *Primate
1963 2470 2052 2574 (sic),

277 2590 288 2620 “
314 2613 316 2618 ’
428 2586 563 2702 quihus
594 2587 649 2670 sic
676 2586 813 2700 placuit
838 2584 934 2670 litem
957 2586 1147 2671 dirimere:
1189 2599 1227 2668 ul
1249 2583 1349 2701 quod
1372 2599 1475 2669 esset
1488 2584 1583 2702 juris
1605 2583 1811 2688 ecclesiae,
1844 2583 2053 2669 testimonio

427 2699 651 2787 venerabilis
673 2703 876 2816 praepositi
897 2701 1124 2803 Barthonis,
1152 2700 1353 2812 Canonicis
1376 2699 1547 2806 cederet,
1580 2717 1618 2788 et
1639 2702 1740 2820 quod
1762 2700 2053 2803 reclamantium,

431 2815 642 2904 Crivosand
660 2831 898 2903 sacramento
909 2821 1095 2905 retineret.
1120 2817 1169 2902 Ut
1185 2834 1307 2903 autem
1323 2817 1399 2905 hoc
1415 2817 1556 2906 lirmius
1572 2834 1783 2906 remaneret
1800 2821 1834 2903 in
1853 2833 2054 2933 posterum,

429 2936 523 3048 sicut
557 2933 767 3022 Crivosand
800 2951 940 3022 tantum
970 2935 1093 3022 villam
1128 2935 1311 3047 Crowl3)
1344 2937 1540 3022 temerario
1573 2955 1810 3024 sacramento
1842 2936 1975 3022 avulsit
2006 2937 2053 3020 ab

380 3115 411 3148 s,
429 3052 611 3156 ecclesia,
642 3049 774 3173 inqua
804 3067 927 3140 tamen
957 3067 1097 3141 sortem
1127 3085 1238 3140 unam
1268 3070 1304 3140 et
1334 3054 1443 3140 villae
1474 3054 1658 3140 decimam
1689 3055 1874 3140 ecclesiae
1897 3085 1941 3138 se
1962 3082 2053 3139 con-

428 3171 554 3256 lessus
584 3188 643 3256 est
663 3169 835 3276 dedisse,
866 3173 925 3258 ita.
937 3188 1164 3258 memoratus
1187 3174 1440 3288 praeposituS,
1474 3177 1590 3257 Ct'scm
1609 3171 1668 3282 (⁴)
1689 3171 1813 3290 uillam
1835 3186 1949 3256 totam
1970 3200 2054 3257 cum

430 3287 592 3374 ccclesia
624 3288 826 3376 Canonicis
857 3291 1097 3378 intemeratae
1118 3290 1273 3406 virginis
1293 3291 1365 3376 suh
1386 3290 1503 3376 lomna
1526 3289 1683 3376 intrandi
1705 3317 1837 3374 manus
1858 3286 2055 3374 reverendi

428 3402 610 3522 Episcopi
640 3405 741 3491 Vithi
777 3419 814 3492 et
849 3406 983 3493 ibidem
1018 3408 1248 3524 praesentis,
1285 3409 1319 3492 in
1356 3408 1619 3523 sempiternum
1657 3405 1911 3508 confirmavit,
1952 3403 2054 3520 quod

430 3553 545 3639 supra
565 3539 855 3612 memoratorum
874 3523 1153 3643 Episcoporum
1173 3523 1419 3612 anathematis
1440 3523 1699 3611 confirmatum
1720 3537 1778 3612 est
1793 3524 2001 3636 sententia(
2030 3522 2055 3631 ).

420 3897 427 3906 .
533 3838 573 3923 (¹)
602 3841 648 3904 Ex
664 3822 826 3925 ercmpluri
848 3839 1100 3906 Neruszeviciano
1123 3841 1348 3925 manuscripto,
1371 3841 1452 3929 quod
1469 3841 1499 3906 in
1516 3839 1621 3906 relicto
1636 3850 1707 3926 post
1722 3849 1850 3905 mortam
1867 3841 1933 3925 ejus
1948 3859 2056 3905 monu-

431 3931 603 3990 mentorum
621 3945 751 4008 corporc
773 3924 810 3988 ad
834 3923 992 3988 historiam
1015 3925 1189 3990 Polonicam
1213 3925 1460 3990 conscribendam
1476 3927 1689 4001 servientium,
1711 3925 1766 3990 Nm
1781 3925 1822 3988 61
1838 3926 2005 4006 reperitur,
2025 3924 2056 3988 in

364 4103 368 4114 ‚
431 4009 781 4158 huoimililllerialml
798 4009 1016 4158 authcrppicafiitn
1033 4010 1182 4156 tahplaric
1205 4009 1334 4094 Capituli
1358 4012 1514 4076 Plocensis
1530 4017 1700 4090 asservata,
1730 4007 1895 4094 sigillisque
1917 4007 2056 4075 Gasimiri

460 4111 557 4156 uorse
617 4115 648 4156 ιι
713 4112 894 4158 rsormun
921 4115 947 4168 a,
1019 4115 1145 4161 mento.

533 4175 571 4256 [²]
601 4115 797 4261 Erratpigilui
817 4178 997 4260 Dlugossius
1020 4179 1083 4242 Lib.
1102 4179 1150 4242 Vl.
1167 4197 1194 4262 p.
1208 4177 1267 4242 561
1287 4187 1317 4244 et
1333 4187 1401 4262 post
1423 4199 1492 4246 eum
1515 4178 1735 4244 Damalerioius
1757 4172 1856 4260 (Vitae
1878 4175 2058 4242 Vladislari·

431 4259 548 4324 ensium
562 4259 781 4342 Episcoporum
797 4262 1161 4347 p.lld),quiStephanum
1173 4263 1358 4348 Episcopum
1369 4263 1580 4347 Cujariensem
1592 4284 1673 4329 anno
1686 4263 1807 4328 demum
1822 4262 1904 4328 1190
1915 4262 1961 4328 rel
1975 4260 2052 4325 llill

432 4343 470 4410 ad
486 4364 552 4409 earn
570 4343 599 4406 di
623 4344 746 4407 nitatem
765 4346 935 4430 pervenisse
951 4347 1081 4410 tradum.

451 4511 458 4526 ι
532 4427 571 4511 (³)
600 4365 635 4490 ln
652 4426 750 4491 indico
766 4429 901 4492 villarum
918 4432 1043 4526 aliorum
1067 4451 1106 4495 uo
1121 4431 1256 4494 locorum
1280 4431 1452 4514 provinciae
1474 4430 1629 4496 Plocensis
1652 4438 1683 4494 ct
1703 4429 1919 4506 Masovionsis,
1946 4427 2057 4492 lmutra

431 4510 529 4578 rdiam
553 4510 639 4608 droco
655 4511 808 4608 veanrow
824 4515 975 4608 quaesivi:
997 4451 1083 4579 facile
1100 4524 1200 4579 tamen
1217 4535 1284 4578 eam
1300 4535 1385 4590 ossa,
1408 4536 1486 4600 quaa
1502 4514 1592 4579 hodie
1608 4514 1722 4578 Krolic
1739 4513 1921 4608 appellatur,
1944 4517 2057 4606 putem,

345 4652 350 4662 Ι
453 4613 525 4659 uum
542 4597 676 4679 ejusdem
692 4603 733 4660 sit
747 4603 779 4659 et
793 4596 963 4678 provinciae
979 4596 1132 4663 Pincensia
1147 4607 1179 4664 et
1193 4599 1336 4664 territorii
1355 4601 1488 4683 regionis
1513 4620 1550 4662 ue
1567 4597 1820 4668 Ostrolenaensrs,
1836 4615 1922 4670 curus
1934 4593 2057 4658 cstvrlla

431 4615 581 4765 drytewo,
596 4680 634 4745 de
648 4701 708 4765 qun
724 4679 850 4743 inferius
865 4690 980 4764 agatur.
1009 4681 1122 4744 Krohia
1138 4682 1175 4746 ad
1193 4681 1368 4765 parochiam
1387 4621 1617 4748 Kodzidlcnsam
1634 4679 1803 4762 (Kadzidlo)
1820 4678 1957 4762 pertinet.

434 4847 441 4861 ι
532 4763 571 4845 (⁴)
603 4761 740 4860 tizyicwo
754 4763 910 4828 Kotcialoe
925 4763 1004 4828 haud
1020 4765 1112 4829 dubia
1126 4767 1194 4831 villa
1207 4767 1244 4830 ud
1258 4767 1430 4850 parochiam
1443 4767 1547 4852 oppidi
1565 4764 1703 4850 Czyiamo
1715 4765 1880 4848 pertinens,
1896 4763 1941 4827 rel
1956 4762 2055 4848 ipsum

432 4847 765 5016 rmnoppp’rgppfflo„
779 4951 937 5018 perperam
954 4932 984 4996 in
1000 4931 1175 5019 apographo
1190 4933 1357 5018 legebatur.
