4778 5952
1108 713 1279 828 “¹⁸²
1336 755 1380 766 -

423 921 623 1043 proposuit
641 917 865 1038 judicialiter
890 929 1020 1000 uonna
1042 914 1219 1000 dwanam
1241 909 1611 1038 dotnn‚·tttars‘det'
1632 911 1684 998 da
1705 921 1926 1004 trecenae
1945 917 2056 1006 hare·

424 1041 523 1146 dam,
555 1040 781 1156 terrigenam
804 1032 1083 1136 dolorinensam,
1110 1029 1337 1146 inculpanda
1358 1031 1483 1146 ipsum
1500 1031 1538 1116 in
1559 1029 1694 1118 decem
1714 1023 1874 1120 rntttttas'
1893 1033 2056 1122 llorano-

423 1187 515 1246 rums
564 1155 625 1242 Ex
645 1153 812 1241 aduerso
840 1151 924 1237 lwo
950 1149 1164 1237 Marsalcus
1186 1147 1366 1238 heres-de
1387 1155 1596 1238 namma
1616 1149 1814 1265 respondit
1833 1149 1979 1238 deone:
2010 1184 2056 1241 se

423 1275 657 1376 nun-teneri,
687 1300 871 1386 neo-esse
890 1269 1114 1386 culpabilem
1135 1265 1307 1384 predicto
1336 1263 1490 1354 dominu
1518 1264 1731 1357 wladislao
1763 1263 1878 1385 Regi
1895 1264 2056 1361 Polonie

422 1395 459 1480 in
480 1391 591 1480 dictis
612 1391 746 1477 decem
758 1389 917 1476 millibus
934 1387 1174 1475 llorenorum
1211 1383 1380 1472 Tandem
1402 1384 1541 1472 domiai
1556 1386 1731 1501 superius
1744 1384 1947 1502 desscripti
1962 1387 2055 1500 (dc),

422 1510 557 1598 auditis
578 1507 906 1629 proposicionibus
928 1522 964 1593 et
983 1504 1293 1621 responsionibus
1314 1504 1481 1619 parcium
1502 1501 1776 1618 predictarum,
1795 1504 2054 1594 sentenciaue-

421 1644 508 1715 runt
527 1643 642 1716 testes
689 1625 877 1713 roducere
898 1622 998 1710 dicto
1032 1621 1154 1708 lwoni
1174 1623 1224 1708 ad
1246 1619 1531 1740 expurgandam
1553 1622 1810 1737 innocencium
1831 1650 1937 1710 snam
1958 1653 2056 1741 erga

422 1745 630 1864 predictum
652 1657 840 1831 dominum
860 1741 1011 1862 Regem
1039 1767 1107 1858 pro
1129 1740 1238 1827 dietis
1260 1738 1392 1826 decern
1415 1738 1572 1824 millibus
1593 1737 1838 1843 llorennrum,
1860 1741 2052 1827 terminum

422 1863 543 1949 eidem
574 1865 611 1950 in
631 1877 734 1949 terra
766 1859 981 1948 dobrinensi
1013 1886 1128 1975 super
1187 1857 1418 1948 roducoione
1447 1857 1594 1943 testium
1625 1860 1866 1978 assignantes
1887 1872 1925 1944 et
1943 1857 2054 1974 preli-

422 1994 571 2100 gentes
624 1979 715 2092 Quo
746 1978 896 2094 quidem
926 1979 1083 2063 termino
1113 2007 1137 2064 a
1166 1975 1357 2080 verrienta,
1388 1976 1425 2060 in
1448 2003 1523 2094 quo
1545 1985 1662 2062 testes
1682 1975 1896 2095 producere
1916 1975 2053 2079 debuit,

422 2099 578 2186 eosdem
609 2110 724 2198 testes
755 2096 967 2217 producere
997 2123 1072 2180 non
1103 2094 1231 2211 potuit.
1282 2091 1432 2179 Extunc
1462 2091 1656 2179 senciens:
1687 2125 1730 2182 se
1759 2122 1915 2181 eausam
1945 2123 2051 2180 suam
2104 2135 2111 2150 r
2217 2114 2224 2126 ·

422 2212 739 2324 amississetsic),
772 2211 812 2300 ‘et
840 2210 1054 2331 perdidisse
1065 2227 1112 2299 et
1131 2211 1211 2297 lore
1232 2201 1569 2326 condempnatum
1597 2225 1688 2298 tunc
1705 2212 1862 2300 venians
1883 2210 1932 2297 de
1951 2239 2051 2298 anno

421 2331 560 2424 domini
580 2334 638 2422 M⁰
660 2331 797 2420 CCCC
813 2346 963 2439 octauo,
985 2329 1144 2421 sabbato
1161 2333 1331 2448 proximo
1349 2344 1436 2448 post
1451 2328 1583 2430 testum
1599 2329 1847 2418 Ascensionis
1863 2327 2053 2418 domiaiin

420 2447 586 2554 Dodrric,
612 2447 666 2566 ,ad
686 2447 873 2540 Dominus
889 2445 1150 2539 Dobrinenses
1170 2456 1208 2535 et
1227 2443 1283 2536 ad
1298 2457 1460 2552 ceteros,
1482 2441 1544 2564 qui
1563 2441 1713 2534 dudicio
1735 2441 1874 2567 Regali
1894 2459 2054 2564 protunc

420 2570 680 2685 presidebant,
711 2569 839 2686 peoijt:
871 2598 914 2652 se
935 2597 1003 2680 per
1023 2570 1129 2680 ipsos
1161 2570 1351 2651 Goeznnm
1370 2561 1420 2650 ad
1440 2560 1633 2651 ferendam
1655 2565 1884 2652 sentenciam
1904 2561 2052 2651 finalem

419 2688 565 2790 remitti,
581 2685 644 2770 nbi
659 2683 785 2799 plores
801 2683 949 2776 Domini
965 2682 1013 2768 ad
1029 2681 1216 2771 ludicium
1229 2682 1383 2800 Regale
1400 2682 1613 2792 locarentur
1624 2679 1906 2798 etpresidereat
1919 2680 2052 2768 eidem.

423 2800 540 2893 Cuius
556 2801 802 2920 peticionibus
816 2816 999 2888 anneotes
1015 2799 1164 2887 Domini
1179 2795 1328 2888 iudicio
1344 2796 1487 2918 Regali
1498 2814 1584 2890 tanc
1599 2795 1790 2888 inDobrin
1804 2795 2050 2913 presidentes,

404 2945 583 3040 cumque
608 2919 707 3038 iusta
733 2919 945 3038 petentibus
973 2932 1048 3007 non
1076 2915 1412 3035 estdenegandus
1439 2945 1643 3025 assensuS,
1662 2917 1795 3034 ,ipsum
1815 2915 1918 3002 iuxta
1937 2914 2051 3032 petita

420 3067 492 3130 sua
520 3043 710 3127 Coeranon
729 3035 779 3124 ad
800 3035 1001 3130 uidendum
1022 3052 1058 3123 et
1078 3033 1304 3124 audiendum
1325 3037 1555 3124 sentenciam
1575 3035 1675 3152 larrij
1701 3032 1742 3154 in
1759 3061 1878 3124 causa
1899 3048 1937 3120 et
1951 3033 2053 3125 lacto

419 3156 591 3275 predicto
626 3157 859 3244 remiserunt
910 3153 1080 3244 Tandem
1110 3155 1282 3244 veniente
1309 3149 1444 3242 eodem
1477 3156 1649 3256 termino.
1665 3147 1737 3240 sibi
1768 3155 1976 3252 onerem,
2013 3165 2053 3240 ut

419 3276 629 3393 prefertur,
662 3303 728 3390 per
759 3273 945 3376 Dominus
974 3286 1064 3360 tunc
1095 3271 1246 3360 tudine
1275 3272 1313 3359 in
1345 3276 1491 3359 Dodra'n
1520 3269 1758 3388 presidentes
1788 3270 1982 3388 assignato
2014 3283 2052 3355 ct

419 3391 587 3510 prolixo:
623 3419 706 3478 oum
737 3391 891 3478 Domini
919 3391 1093 3506 superius
1118 3388 1317 3507 descripti,
1357 3391 1507 3476 Gnezoa
1538 3385 1586 3475 de
1615 3417 1715 3476 aooo
1745 3403 1784 3474 ut
1814 3416 1929 3504 supra
1958 3378 2049 3485 laria

420 3511 536 3598 tercia
568 3508 737 3626 proxima
767 3523 854 3596 eote
884 3509 1021 3603 testum
1052 3507 1233 3623 Corporis
1266 3502 1405 3594 Christi
1426 3507 1532 3596 circa
1552 3505 1753 3601 aduentum
1775 3500 1913 3592 domini
1933 3503 2050 3594 nostri

419 3627 559 3714 domini
593 3625 806 3742 Wladislay
833 3625 956 3744 Regis
987 3624 1164 3741 predicti,
1200 3655 1268 3744 pro
1302 3623 1471 3712 tribunali
1501 3621 1677 3714 sederent
1706 3653 1754 3714 ac
1784 3619 1834 3710 ad
1864 3620 2050 3709 tudinium

419 3743 571 3878 Regale
586 3743 958 3833 locarenturzaudita
975 3773 1016 3830 er
1048 3743 1357 3860 orecognicione
1378 3757 1415 3832 et
1434 3741 1624 3832 relacione
1644 3736 1890 3833 Dominarum
1911 3737 2050 3828 Dobri·

284 3955 287 3960 ,
418 3889 607 3965 nensrum,
640 3859 741 3976 quod
764 3873 881 3948 testes
902 3889 998 3976 ergo
1017 3773 1206 3946 dominum
1227 3875 1396 3948 nostrum
1418 3859 1604 3948 dominum
1629 3855 1877 3958 Wladislaum
1897 3856 1960 3947 Re
2063 3929 2067 3940 .

419 3979 578 4071 Polonie
597 4007 674 4068 non
694 3975 880 4096 produxit3
898 4006 950 4066 ac
969 3978 1106 4067 meritis
1127 4005 1243 4066 cause
1260 3977 1467 4065 huiusmodi
1484 3977 1667 4068 intoleotis
1682 3974 1906 4180 ‘millis’
1927 4003 1972 4062 so
1988 4004 2048 4063 um

418 4095 532 4187 dena
562 4127 632 4214 pre
658 4095 777 4184 oculis
807 4095 1009 4200 habentes,
1040 4125 1088 4182 ex
1109 4123 1297 4182 consensu
1320 4095 1501 4204 unanimi,
1533 4112 1569 4184 et
1595 4109 1741 4186 matura
1800 4089 2049 4198 edberauinne

380 4258 384 4266 =
418 4211 613 4332 prehabito
629 4212 836 4318 sullicienti,
857 4213 1168 4302 adiudioauerunt
1182 4213 1344 4332 quinque
1361 4213 1471 4300 millia
1483 4208 1720 4307 llorenurum
1739 4209 1913 4330 predico
1935 4210 2049 4299 domi-

418 4359 469 4418 no
500 4326 713 4419 Wladislao
742 4331 845 4450 Regi
875 4333 1035 4421 Polonie
1066 4345 1156 4434 etc,
1188 4333 1224 4417 in
1246 4331 1345 4420 dicto
1366 4330 1497 4418 lwone
1519 4330 1568 4417 de
1588 4339 1796 4419 Rudomr'nc
1818 4325 1978 4432 herede,
2010 4340 2048 4412 et
2187 4349 2189 4352 ·

417 4449 492 4538 alia
512 4449 806 4568 quinquemillia
826 4447 1055 4538 llorenorum
1077 4451 1289 4538 nominatos
1310 4449 1483 4538 dominus
1511 4447 1746 4536 Wladislaus
1773 4445 1870 4536 Rex⁴
1889 4444 2048 4531 Polonie

417 4581 500 4672 etc,
525 4565 575 4655 ad
591 4567 801 4686 peticiones
816 4567 928 4652 inoliti
949 4565 1133 4684 Principis
1150 4568 1288 4656 domini
1303 4567 1441 4656 domini
1461 4566 1627 4666 Vitholdi
1649 4563 1983 4654 Ducis-Lithuaoie
2001 4591 2049 4648 ac

417 4683 621 4891 loreto
639 4679 2049 4920 lutulentotralatolt„tzotltlotstlal

2374 1389 2375 1458 l

2373 1459 2375 1498 t

2373 1501 2375 1566 l
