4780 5922
1070 744 1343 818 -2oo-

381 941 577 1059 pecuniam
599 969 668 1058 per
689 967 781 1028 suos
801 941 972 1028 homines
994 958 1032 1030 et
1051 972 1122 1032 suo
1142 941 1294 1046 damno,
1326 940 1429 1028 dicto
1448 938 1664 1059 Episcopo,
1696 939 1879 1028 tenebitur
1899 940 2014 1030 desti·

381 1089 481 1146 nare.
527 1056 644 1172 Quod
664 1059 696 1144 si
714 1058 872 1174 praelati
892 1058 1059 1164 sculteti,
1080 1061 1118 1146 in
1138 1056 1327 1179 exigendo
1348 1087 1466 1146 censu
1487 1058 1668 1176 praelato,
1689 1055 1813 1144 dictae
1835 1057 2014 1148 Plocensi

381 1175 578 1264 Ecclesiae
598 1176 747 1262 nomine
767 1174 938 1262 decimae
959 1176 1095 1284 debito,
1116 1179 1238 1265 lorent
1257 1175 1497 1294 negligentes
1513 1175 1561 1262 nli
1590 1174 1732 1281 naliter,
1753 1205 1823 1262 seu
1838 1175 2012 1280 rebelles,

357 1293 451 1382 ·sub
471 1295 678 1380 iuramento
699 1292 835 1380 nullam
855 1321 949 1380 suae
970 1292 1226 1412 negligentiae
1248 1320 1405 1380 oausam
1424 1207 1691 1380 ruetonlltten
1706 1291 2009 1408 praetendentes,

380 1412 515 1527 poterit
534 1425 670 1497 extunc
689 1410 811 1497 dictus
833 1411 1017 1500 Dominus
1036 1410 1254 1528 Episcopus
1275 1423 1406 1497 contra
1422 1410 1527 1528 ipsos
1543 1409 1736 1514 scultetos,
1758 1407 1808 1496 nb
1824 1409 2013 1512 buiusmo·

380 1527 417 1614 di
438 1557 567 1615 eorum
587 1527 854 1644 negligentiam
885 1539 923 1616 ct
942 1543 1214 1644 contemptum,
1245 1524 1458 1644 procedere
1489 1555 1784 1644 percensuram
1814 1525 2011 1616 Ecclesia-

379 1645 521 1749 sticam,
540 1645 695 1760 praeuia
716 1645 871 1730 ratione.
922 1643 971 1730 Et
993 1644 1246 1748 nibilominus,
1278 1643 1532 1762 negligentiae
1566 1645 1772 1734 occasione
1791 1643 2012 1761 praedictae

379 1763 485 1878 ipsos
526 1762 707 1848 scultetos
748 1763 974 1879 compellere
1012 1761 1062 1848 ad
1105 1761 1175 1850 sibi
1216 1759 1439 1850 soluendum
1478 1760 1528 1849 de
1596 1760 1733 1850 uolibet
1768 1789 1839 1849 suo
1875 1789 2011 1851 manso

378 1893 538 1995 quatuor
567 1891 719 1982 scotos,
750 1893 863 1995 prout
892 1893 1063 1967 tenentur
1093 1878 1217 1966 villani
1247 1880 1408 1984 caeteri,
1440 1907 1509 1968 seo
1539 1793 1668 1983 vilae,
1700 1908 1798 1997 quos
1829 1878 2012 1972 scultetos

378 1996 488 2084 ctiam
515 1993 564 2082 ad
586 1996 659 2081 boc
679 1996 761 2082 lore
782 1994 940 2084 dicimus
959 1996 1160 2116 obligatos.
1213 1995 1340 2110 Quam
1371 2025 1570 2086 censuram
1601 1996 2008 2102 excommunicationis,

378 2113 439 2199 vel
458 2110 638 2200 interdicti
660 2115 864 2202 sententias
894 2115 931 2201 in
952 2144 1020 2202 eos
1040 2145 1088 2202 ex
1108 2115 1245 2202 causis·
1257 2115 1474 2232 praemissis
1496 2115 1681 2233 prolatas,
1712 2115 1744 2202 si
1765 2113 1877 2229 ijdem
1898 2113 2009 2200 Scul-

378 2231 460 2334 teti,
492 2231 587 2317 inira
606 2231 713 2320 unius
733 2233 874 2318 mensis
895 2234 1083 2349 spacium,
1114 2234 1239 2321 animo
1260 2227 1502 2320 sustinuerint
1522 2233 1720 2350 pertinaci,
1752 2244 1889 2318 extunc
1910 2247 2008 2336 cum,

379 2361 575 2436 crescente
613 2349 868 2453 contumacia,
920 2370 1097 2438 crescere
1137 2349 1276 2438 debent
1326 2364 1363 2438 et
1401 2379 1525 2465 poene
1571 2347 1779 2438 secundum
1820 2349 2008 2468 legitimas

378 2466 613 2571 sanctinum,
645 2469 836 2582 praelatus
866 2467 1050 2555 Domlnus
1080 2469 1166 2555 Dux
1196 2465 1464 2572 chrinensis,
1494 2467 1600 2585 ipsos
1630 2467 1842 2573 Scultetos,
1877 2467 1939 2579 qui
1970 2479 2010 2551 et

379 2597 469 2695 quot
492 2582 696 2700 culpabiles
717 2585 918 2688 extiterint,
950 2615 1019 2701 prc
1050 2584 1260 2672 huiusmodi
1290 2585 1514 2702 pertinacia,
1547 2598 1584 2670 et
1604 2613 1673 2702 per
1693 2599 1854 2696 quatuor
1875 2597 2007 2672 scotos

379 2699 427 2784 de
458 2726 590 2784 manso
622 2700 786 2810 quolibet
815 2702 1061 2811 quorumlibet
1090 2701 1299 2789 eorundem
1329 2718 1365 2806 et
1395 2702 1554 2791 villanos
1585 2731 1736 2802 ornnes,
1767 2702 1827 2792 vel
1857 2699 2005 2811 aliquos

379 2845 425 2900 ex
455 2814 529 2920 eis,
560 2817 622 2928 qui
652 2830 690 2902 et
709 2831 949 2930 quotcunque
979 2820 1016 2906 in
1035 2818 1221 2908 soluendo
1252 2850 1368 2909 censu
1400 2819 1593 2939 praedicto
1623 2820 1795 2937 praelato
1825 2816 2005 2906 Plocensi

377 2931 572 3051 Episcopo
591 2934 753 3024 rebelles
775 2934 978 3043 extiterint,
1009 2964 1077 3026 seu
1099 2939 1210 3024 etiam
1228 2939 1462 3056 pertinaces,
1488 2967 1558 3055 pro
1579 2968 1625 3026 ea
1646 2938 1776 3026 solum
1790 2935 2005 3054 pertinacia,

379 3082 446 3138 seu
478 3053 774 3140 contradictione
803 3054 1065 3176 inpignorarc,
1097 3071 1134 3143 et
1153 3069 1307 3172 recepta
1336 3058 1499 3175 pignora
1528 3055 1629 3173 apud
1649 3057 1752 3160 illos,
1783 3053 1834 3142 ad
1854 3053 2006 3140 vicinio·

284 3265 288 3272 ,
378 3198 457 3256 rem
489 3166 639 3258 domum
670 3201 746 3258 seu·
766 3172 906 3258 curiam
937 3175 1054 3289 ipsius
1083 3171 1281 3292 Episcopi,
1313 3204 1381 3290 per
1400 3203 1493 3260 suos
1514 3173 1686 3262 homines
1706 3171 1905 3276 olliciales,
1936 3199 2006 3258 seu

236 3388 240 3394 ,
378 3286 489 3373 etiam
519 3283 783 3377 lllinisteriales
804 3288 954 3378 debebit
974 3293 1242 3408 transmittere,
1273 3320 1389 3408 super
1409 3291 1484 3377 hoc
1505 3319 1553 3376 ex
1598 3307 1679 3378 arte
1698 3287 1894 3378 memorati
1913 3287 2003 3374 Plo·

378 3403 504 3492 censis
523 3401 706 3523 Episcopi
725 3409 935 3518 requisitus,
960 3411 1171 3528 peripsum
1189 3425 1264 3497 tam
1284 3407 1347 3495 diu
1368 3405 1526 3526 pacifice
1555 3321 1776 3512 detinenda,
1807 3427 2005 3517 quousque

378 3519 457 3626 sibi,
478 3535 515 3608 et
534 3519 733 3612 Ecclesiae
752 3553 846 3612 suae
864 3527 1063 3646 neglectus
1083 3557 1233 3635 census,
1253 3558 1322 3614 seu
1343 3527 1453 3614 etiam
1473 3523 1696 3644 denegatus
1727 3555 1796 3642 per
1815 3523 2005 3612 Scultctos

377 3652 414 3725 et
432 3637 592 3726 villanos
613 3643 820 3757 praelatos,
850 3645 998 3764 integre
1027 3648 1134 3734 luerit
1163 3645 1388 3760 persolutus.
1428 3642 1649 3732 Praemisso
1665 3671 1771 3754 ,vero
1803 3643 1928 3730 omnia
1968 3655 2006 3728 et

378 3754 547 3873 singula,
580 3755 822 3871 saepedictae
840 3775 968 3870 partes
989 3763 1132 3847 scilicet
1160 3761 1347 3849 Dominus
1375 3763 1466 3848 Dux
1486 3775 1525 3848 et
1543 3759 1759 3879 Episcopus
1789 3756 2003 3874 supradicti,

377 3876 626 3988 promiserunt
646 3903 690 3960 se
710 3870 952 3960 ellectualiter
971 3876 1188 3992 impleturos
1219 3906 1268 3961 ex
1286 3891 1444 3989 utraque
1463 3894 1587 3993 parte,
1618 3877 1689 3966 sub
1711 3907 1833 3995 poena
1854 3887 2003 3964 centum

378 4021 598 4095 marcarum,
629 4015 723 4102 quas
744 3989 839 4105 parti
858 3993 1034 4098 seruanti,
1056 3991 1327 4080 ordinationem
1348 4006 1517 4081 nostram
1537 3995 1758 4102 huiusmodi,
1780 4023 1870 4111 pars
1891 3993 2004 4082 etiam

378 4108 514 4218 (eam‘t)
534 4138 610 4195 non
632 4137 791 4198 seruans
812 4138 880 4194 seu
901 4111 1189 4198 contraoeniens
1209 4126 1341 4198 contra
1361 4109 1470 4216 ibam,
1502 4112 1748 4201 mediantibus
1769 4110 1878 4200 nobis
1899 4111 2003 4211 dare,

378 4224 529 4312 soluere
545 4226 737 4334 tenebitur,
759 4241 798 4314 et
816 4227 927 4316 ctiam
946 4229 1158 4346 assignare.
1191 4228 1452 4318 Submiscrunt
1471 4259 1515 4316 se
1534 4230 1686 4347 insuper
1707 4245 1917 4347 spontanea
1937 4259 2002 4317 vo·
2095 4309 2101 4322 ,

377 4343 517 4431 luntate
539 4341 685 4428 Domini
705 4343 921 4462 supradicti,
952 4347 1054 4460 quod
1075 4359 1220 4463 partem
1238 4345 1450 4436 huiusmodi
1467 4378 1544 4436 non
1565 4362 1776 4436 seruantem
1798 4347 2002 4465 praedicta,

258 4537 263 4548 .
377 4462 565 4581 possimus
585 4474 741 4578 propter
761 4464 834 4550 hoo
855 4465 1248 4553 excommunicationis
1276 4464 1425 4560 vinculo
1445 4465 1639 4554 innodare.
1690 4465 1742 4552 Ut
1760 4479 1884 4552 autem
1904 4463 2003 4550 baec

377 4595 508 4668 nostra
529 4579 712 4667 ordinatio
743 4594 780 4666 ct
800 4579 1024 4688 concordia,
1056 4609 1168 4694 quarn
1189 4584 1299 4671 etiam
1319 4584 1544 4672 authoritate
1566 4580 1842 4701 Metropolitica
1862 4610 2002 4699 appro-

377 4696 542 4784 bandam
562 4696 735 4786 duximus
756 4709 794 4784 et
812 4697 922 4784 etiam
944 4697 1251 4806 confirmandam,
1271 4700 1388 4788 robor
1407 4699 1573 4788 obtineat
1592 4718 1794 4818 perpetuae
1811 4699 2003 4806 firmitatis,

319 4893 326 4904 .
378 4815 599 4931 praesentes
623 4815 750 4906 literas
771 4815 885 4904 s‘crlbi
905 4831 942 4904 et
962 4816 1097 4904 confici
1116 4849 1231 4936 super
1252 4847 1298 4906 ea
1318 4819 1484 4922 lecimus,
1504 4819 1621 4907 nostri
1641 4821 1751 4939 sigilli
1770 4823 2003 4939 appensione
