4800 5942
1141 700 1416 772 -300-

460 925 500 996 et
518 909 666 994 futuris:
698 903 905 1018 Quomodo
927 899 1177 991 consideratis
1198 915 1236 986 et
1254 898 1434 1016 inspeetis
1454 895 1627 986 fidelibus
1649 915 1685 986 et
1706 900 1965 989 constantibus
1985 903 2099 991 obse·

461 1028 558 1139 qui's
578 1022 766 1144 magnifici
788 1020 942 1108 Andree
963 1020 1013 1107 de
1032 1027 1251 1106 Domnhorz
1270 1017 1445 1106 Pallatiui
1466 1017 1685 1105 Calisiensis
1701 1017 1784 1128 (sic)
1801 1019 1949 1106 sincere
1964 1019 2099 1130 dilecti,

461 1059 597 1257 quibus
617 1142 725 1228 nobis
745 1155 902 1256 propter
922 1167 1075 1226 suarum
1096 1137 1270 1223 virtutum
1290 1137 1420 1222 merita
1443 1134 1687 1252 complacuit,
1716 1151 1754 1223 et
1773 1135 1809 1222 in
1829 1137 1988 1224 loturum
2010 1170 2098 1256 pre·

459 1260 626 1350 stancius
667 1258 804 1376 poterit
843 1255 1101 1374 complacere:
1146 1253 1278 1339 borum
1319 1254 1469 1356 iutuitu,
1509 1252 1681 1339 volentes
1717 1253 1840 1369 ipsum
1880 1256 2097 1370 specialium

459 1373 675 1500 graciarum
705 1389 918 1463 nostrarum
949 1371 1130 1491 prosequi
1160 1370 1373 1475 fauoribus,
1410 1383 1448 1454 et
1477 1368 1529 1456 ad
1558 1369 1741 1482 obsequia
1773 1385 1903 1458 nostra
1935 1371 2100 1462 reddere

459 1496 757 1613 prompciorem,
788 1493 859 1579 sibi
883 1491 1007 1578 villam
1030 1504 1200 1576 nostram
1231 1493 1478 1604 Potbstotioze
1509 1487 1545 1575 in
1577 1487 1696 1574 Terra
1727 1485 2042 1604 Maiorispolonie
2062 1507 2099 1579 et

459 1615 640 1701 Distriotu
671 1611 876 1698 Kozinensi
901 1612 1031 1710 sitam,
1063 1605 1112 1694 de
1137 1605 1309 1692 manibus
1340 1619 1378 1691 et
1407 1619 1533 1692 tenuta
1564 1602 1753 1692 Nobilium
1783 1605 1891 1692 Petri
1922 1621 1959 1697 et
1990 1607 2099 1696 Pauli

460 1729 678 1820 Sobaliroth
713 1727 762 1816 de
795 1732 1101 1824 Szodirzouicze,
1138 1723 1380 1811 inducentis
1417 1722 1670 1842 quadraginta
1706 1724 1844 1811 marcis
1878 1739 2029 1812 moneto
2059 1742 2098 1815 et

460 1850 604 1937 numeri
627 1847 911 1964 polonicalium,
942 1842 1194 1960 quadraginta
1216 1856 1305 1928 octo
1325 1869 1491 1959 grossos
1521 1842 1557 1928 in
1578 1840 1779 1952 quamlibet
1802 1869 1971 1928 marcum
1993 1873 2098 1930 corn·

356 2013 359 2020 1
460 1965 648 2086 putando,
681 1963 861 2052 liberandi
887 1977 925 2050 et
944 1960 1153 2048 redimendi
1173 1959 1321 2078 plenam
1342 1961 1603 2048 concessimus
1623 1959 1858 2063 facultatem,
1889 1986 2003 2073 quam
2026 1964 2098 2048 iam

461 2085 512 2171 de
531 2087 632 2170 lacto
654 2082 823 2170 liberauit
841 2094 879 2168 et
899 2082 1043 2168 exemit
1078 2077 1262 2166 Volentes
1283 2079 1397 2196 igitur
1415 2075 1554 2164 diobrm
1576 2075 1770 2188 Andream
1791 2076 2025 2183 Pallatinum,
2049 2077 2098 2164 de

461 2201 571 2290 dictis
602 2199 773 2288 ducentis
804 2197 1062 2318 quadraginta·
1087 2198 1223 2284 marcis
1253 2225 1480 2283 assecurare
1510 2209 1547 2282 et
1574 2193 1737 2282 reddere
1767 2197 1996 2300 cerebram,
2019 2196 2098 2282 sibi

462 2321 645 2436 ipsosmet
664 2347 779 2434 super
798 2317 888 2406 ville
906 2315 1079 2435 predicta
1098 2320 1331 2401 Podstclioze
1351 2313 1434 2426 (sio)
1455 2311 1606 2417 damus,
1634 2312 1839 2417 donamus,
1854 2314 2096 2402 inscribimus
2244 2311 2248 2320 ’

370 2531 383 2558 ,
462 2453 501 2525 et
520 2437 711 2556 largimur.
754 2434 881 2548 Quam
904 2433 1053 2552 quidem
1074 2432 1199 2522 villam
1217 2439 1475 2532 Poustot’cze,
1496 2428 1595 2516 idem
1615 2428 1793 2539 Andreas
1813 2444 1850 2518 et
1871 2432 1929 2519 sui
1943 2460 2095 2519 succes

462 2585 592 2656 sores,
629 2585 713 2640 oum
750 2553 923 2640 omnibus
958 2566 996 2638 et
1025 2549 1184 2668 singulis
1219 2551 1336 2666 ipsius
1371 2548 1604 2651 utilitatibus,
1644 2549 1844 2652 fructibus,
1880 2548 2098 2652 redditibus,

462 2670 709 2785 coherencijs,
731 2670 938 2801 attinencijs
959 2685 996 2756 et
1016 2667 1254 2800 pertinenqijs
1275 2667 1479 2772 vniuersis,
1500 2665 1768 2784 censibusque,
1788 2664 2099 2798 allqdijs,.ogris,

284 2817 291 2827 ·
355 2873 361 2886 ,
464 2788 601 2906 pratis,
628 2787 792 2904 campis,
819 2785 942 2890 siluis,
969 2785 1111 2888 burris,
1139 2812 1257 2901 gerp,
1285 2785 1445 2889 rubetis,
1473 2783 1706 2887 nemoribus,
1735 2782 1905 2887 moriers,
1932 2785 2098 2897 precius,

463 2902 704 3010 molendinis,
735 2904 892 2992 lacubus
913 2903 1069 3009 tenebit,
1095 2901 1262 3005 babebit,
1283 2903 1477 2989 utifruetur
1498 2904 1622 3022 quiete
1642 2914 1679 2988 et
1699 2898 1855 3016 pacifice
1876 2897 2098 3016 posSidebit,

465 3052 664 3142 quousque
695 3021 767 3110 sibi
796 3036 861 3108 aut
881 3020 1168 3110 successoribus
1189 3021 1268 3108 suis
1289 3019 1495 3140 legittimis,
1527 3019 1627 3106 dicte
1647 3017 1807 3108 ducente
1828 3047 1913 3104 cum
1935 3015 2099 3134 quadro·

465 3143 570 3259 ginta
605 3141 761 3242 marcis,
796 3169 866 3255 per
895 3169 967 3226 nos
1002 3139 1068 3226 vel.
1099 3167 1348 3226 successores
1383 3150 1536 3225 nostros
1567 3137 1688 3254 plene·
1708 3151 1746 3222 et
1775 3166 1823 3223 ex
1855 3147 1934 3222 toto
1963 3135 2098 3221 luerint

466 3258 667 3374 persoluta.
720 3257 871 3370 Quibus
893 3255 1090 3360 exsolutis,
1119 3257 1218 3342 dicte
1238 3255 1325 3341 ville
1356 3262 1602 3342 Potlstcliczo
1621 3255 1797 3368 posessio
1820 3253 1923 3365 (sic),
1953 3249 2005 3340 od
2023 3279 2097 3338 nos

399 3381 427 3409 ”
467 3387 506 3461 et
535 3403 781 3462 successores
813 3390 964 3462 nostros
997 3371 1158 3460 reddibit
1188 3373 1285 3485 (sic)
1316 3373 1429 3490 pleno
1454 3375 1552 3490 jure.
1615 3369 1766 3458 Nostris
1798 3384 1922 3457 tamm
1946 3368 2094 3486 juribus

467 3489 679 3611 regalibus,
717 3493 752 3577 in
788 3494 959 3581 omnibus
991 3521 1142 3608 semper
1172 3490 1300 3578 saluis.
1362 3487 1544 3596 Harum,
1566 3489 1700 3608 quibus
1736 3487 1897 3608 sigillum
1929 3499 2098 3577 nostrum

398 3609 401 3618 ‘
492 3611 703 3696 resentibus
724 3613 781 3697 e'st
802 3640 1022 3726 appensum.
1078 3610 1215 3697 Datum
1250 3612 1400 3695 Guezrw
1430 3609 1522 3695 seria
1551 3620 1685 3725 quarta
1716 3606 1902 3725 invigilia
1932 3604 2035 3714 Petri
2062 3616 2100 3690 et

465 3639 574 3843 l³aulj
601 3726 893 3843 Appostolorum
911 3729 1006 3838 (sic),
1027 3757 1126 3814 anno
1147 3725 1287 3814 domini
1303 3726 1495 3814 millesimo
1512 3722 1881 3932 qqadrinqenlcsimo
1897 3722 2096 3809 tricesimo.

567 3843 728 3934 Relacio
749 3844 973 3934 venerabilis
996 3843 1195 3962 Wlodislaj
1216 3844 1267 3932 de
1288 3843 1503 3963 Oppororv,
1564 3876 1579 3928 a
1594 3841 1638 3930 P.
1663 3894 1665 3902 ·
1698 3839 1979 3954 icocaucellurij.
