4800 5942
878 679 1284 754 --aol-

331 883 470 976 doceat
495 881 755 1002 experienoia:
785 887 1139 1000 quapropten,''nos
1168 879 1351 994 Alberu'rs
1367 877 1580 998 deigraoia
1611 877 1848 998 Episcopub,
1878 877 1966 968 unx

331 1000 562 1092 Alexander
589 997 850 1118 durgyow'yoa
880 999 1122 1087 ¹Castellanus
1140 998 1375 1114 ⁴Wylnensis
1397 1013 1434 1084 et
1455 999 1684 1115 Capitoneus
1715 998 1964 1103 Grodnensiu

329 1119 535 1208 lebannes.
556 1116 605 1206 de
628 1124 850 1232 Zadrzezpe
878 1119 1087 1206 Pellatious
1105 1117 1324 1208 .Trooensis
1345 1114 1615 1222 elMarsalous
1642 1115 1775 1234 Magni
1794 1117 1966 1224 Dueetus

330 1235 566 1342 Litbwaoie,
583 1233 1143 1354 :NicolausMylrolayowijozp
1156 1235 1419 1353 Suppipoemo
1440 1234 1607 1322 eiusdem
1623 1233 1769 1352 Magni
1796 1232 1967 1323 Duoatus

330 1353 527 1444 Littwanie
564 1370 601 1443 et
638 1353 869 1472 Capilaneus
904 1363 1182 1470 Byelrazearir,
1217 1369 1255 1442 et
1271 1352 1425 1441 uenus
1453 1351 1750 1465 vOleobnorryo'z
1781 1347 1970 1472 Magister

331 1475 495 1594 coquina
527 1471 694 1580 ducalis,
731 1475 960 1562 serenissimi
996 1473 1183 1590 Principis
1220 1487 1257 1559 et
1288 1470 1425 1558 domini
1462 1470 1599 1558 domini
1636 1470 1872 1573 Allexan'dri,
1909 1469 1971 1556 dei

331 1593 485 1720 grecia,
514 1587 651 1711 Magni
675 1590 1044 1697 Ducisbithwenie,
1074 1590 1318 1712 Samogittie,
1349 1589 1511 1700 Russie,
1543 1587 1753 1706 Kyowye,
1773 1586 1912 1674 domini
1932 1603 1971 1676 et

331 1703 482 1832 beredis
504 1723 573 1821 eto.
595 1711 888 1830 greoiosissimi3
910 1714 1247 1830 universorumque
1268 1707 1443 1811 eiusdem
1457 1705 1590 1826 Magni
1610 1708 1782 1812 Ducatos
1796 1702 1969 1808 'Lithwass

331 1830 391 1928 nie
411 1825 649 1917 Prelalorum
671 1829 913 1944 spiritualium
935 1845 973 1918 ot
991 1827 1233 1931 secularium,
1263 1823 1479 1932 Beronum,
1505 1823 1910 1930 ProcerumMilitum
1932 1827 1970 1912 el
2025 1915 2027 1919 ,

332 1943 534 2034 Nobilium·
550 1944 780 2065 Nunotijao
810 1946 1021 2053 Oratores,
1038 1975 1137 2033 oum
1166 1944 1392 2065 plenissimis
1422 1945 1631 2050 mandatis,
1663 1958 1738 2029 tem
1760 1941 1969 2050 ducalibus,

360 2093 445 2150 uam
471 2063 719 2154 dominiorum
741 2065 824 2176 (sio)
856 2063 1073 2154 eorumdem
1102 2061 1307 2168 Litwanie,
1339 2061 1389 2146 ad
1420 2059 1712 2148 Illustris'simum
1743 2059 1988 2178 Principem.

332 2097 788 2299 iterarendissimumque
808 2183 844 2268 in
857 2182 1016 2269 ⁴Christo
1036 2195 1180 2296 patrem
1202 2195 1240 2263 et
1259 2178 1468 2282 dominum,
1494 2177 1684 2264 dominum
1704 2177 1974 2286 Flrederieuor,

209 2269 218 2359 i
336 2299 585 2406 miseracione
627 2297 772 2401 diuina,
813 2311 1059 2386 sacrosancte
1092 2324 1252 2400 romane
1287 2295 1447 2429 eople‘sie
1487 2297 1578 2384 tituli
1613 2311 1744 2383 sancta
1784 2290 1902 2383 Looie
1936 2298 1988 2386 in‘
2138 2325 2142 2334 ·

335 2419 482 2535 septem
502 2416 609 2535 solijs
630 2410 886 2504 Presbiterum
909 2407 1158 2518 Cardinalern,
1176 2397 1516 2531 Arabieprs‘copum
1540 2414 1821 2518 Gneznensem‚
1842 2411 1973 2532 Regni

332 2533 492 2622 Polonie
522 2534 725 2621 Primatem
756 2549 793 2620 el
821 2533 1053 2651 Episcopum
1087 2532 1401 2622 Cracoviensem:
1433 2562 1480 2618 ac
1511 2534 1711 2621 universos
1739 2545 1777 2618 et
1797 2533 1970 2650 singulos

332 2653 445 2740 incliti
474 2652 637 2740 Polonie
663 2649 792 2785 Regni
812 2651 1031 2769 Principes,
1063 2649 1239 2736 Prolatos
1261 2649 1472 2782 spirituales
1494 2666 1531 2735 et
1551 2650 1763 2752 seculares,
1793 2647 1972 2738 Berones

334 2785 373 2858 et
401 2768 560 2860 Nobiles
590 2767 720 2888 Regm
748 2768 936 2874 eiusdem,
968 2765 1028 2854 bic
1048 2767 1085 2855 in
1104 2783 1689 2886 presencrarumcongregatos,
1721 2765 1837 2852 acad
1859 2767 1973 2853 intra·
2108 2781 2112 2787 '

334 2889 476 3005 scripta
497 2887 634 2994 atalia,
656 2917 729 3003 que
751 2886 852 2973 bono
874 2899 912 2972 et
932 2884 1161 2975 delenssioni
1178 2887 1259 2996 (sic)
1282 2885 1429 2971 oomuni
1447 2885 1637 3002 utriusque
1654 2883 1803 2999 dominij
1822 2883 1973 2999 expedi-

334 3020 421 3092 rent
440 3003 628 3124 gerenda,
650 3003 827 3120 deputati.
867 3002 1065 3090 Universis
1085 3033 1134 3090 ao
1154 3002 1329 3120 singulis,
1350 3003 1487 3120 quibus
1505 3002 1657 3118 expedit
1675 3000 1914 3118 presentibus
1935 3013 1974 3086 et

333 3123 476 3229 tuturis,
498 3120 596 3238 serie
611 3122 847 3238 presencium
864 3119 1115 3208 notificamus:
1137 3118 1254 3231 Quod
1272 3185 1281 3204 .
1299 3187 1308 3204 .
1326 3185 1361 3206 ..
1381 3125 1471 3228 (Hae
1485 3125 1651 3230 sequitur
1665 3125 1759 3203 idem
1775 3126 1973 3204 verborum

334 3257 539 3342 contextus,
561 3271 667 3352 quem
681 3247 914 3353 praecedens
935 3245 1095 3352 diploma
1116 3245 1210 3323 anai
1225 3244 1316 3324 1501
1339 3243 1494 3336 ealr'det,
1515 3243 1693 3348 eidemque
1714 3242 1867 3322 articuli
1878 3267 1972 3348 quos

335 3365 375 3444 in
391 3364 636 3472 praecedenti
652 3365 848 3472 deplorante
869 3376 978 3470 atque
999 3364 1038 3442 eir
1066 3361 1141 3444 Vol.
1173 3361 1259 3470 Lep.
1293 3362 1406 3441 Tamo
1426 3351 1512 3440 I.'a.
1534 3361 1631 3441 lutto
1647 3387 1692 3468 p,
1708 3359 1790 3442 286
1810 3363 1971 3470 laquear.

335 3483 486 3563 Fabitur
505 3496 623 3563 autem
644 3484 713 3563 doc
734 3482 971 3589 diplomatis
992 3475 1145 3582 verbr's):

386 3689 390 3696 ,
439 3592 526 3706 Quo
548 3593 673 3680 omnia
695 3606 732 3680 'et
752 3591 920 3713 singula,
939 3593 976 3680 in
997 3593 1184 3679 literarum
1206 3589 1594 3710 presencium'tenore
1616 3593 1729 3796 appue
1750 3589 1786 3675 in
1805 3589 1973 3677 articulis
2078 3673 2080 3678 ,

335 3708 602 3830 suprascriptis
624 3710 833 3827 descripta,
865 3741 1048 3828 expressa
1070 3727 1107 3798 et
1127 3703 1318 3811 ordinata,
1350 3719 1420 3795 rios
1442 3708 1620 3797 Albertus'
1677 3708 1877 3826 piscopos,
1909 3707 1973 3825 qui

335 3847 461 3948 supra,
481 3860 557 3918 una
573 3835 659 3917 oum
677 3829 840 3948 Preletis
856 3843 894 3914 et
909 3827 1125 3918 Beronibus
1141 3823 1276 3946 Magni
1293 3825 1462 3915 Doea‘tus
1478 3825 1676 3942 Littwanie
1691 3821 1971 3945 suprascriptis,

336 3949 513 4067 quantum
529 3959 601 4036 nos
614 3941 859 4052 concernunt,
879 3946 1032 4036 firmiter
1052 3963 1089 4035 et
1105 3943 1362 4035 inviolabiliter
1383 3959 1523 4050 tenere,
1545 3945 1760 4061 adimplere,
1778 3944 1917 4059 ‘exequi
1936 3958 1974 4030 et

337 4066 545 4180 observare
566 4069 855 4186 imperpetuum,
877 4097 948 4154 neo
970 4068 1041 4171 eis,
1061 4067 1099 4152 in
1120 4078 1210 4172 loto,
1231 4065 1291 4152 vet
1313 4067 1348 4174 in
1370 4080 1496 4180 parte,
1528 4091 1766 4184 quocumque
1786 4061 1971 4177 exquisito

336 4182 467 4272 oolore
497 4183 558 4270 uel
588 4173 741 4299 ingenio
773 4174 1052 4288 contravenire,
1083 4183 1156 4272 sub
1188 4213 1304 4278 onere
1335 4181 1476 4296 prestiti
1506 4176 1720 4283 iuramenti,
1751 4179 1799 4266 ac
1829 4177 1907 4268 fide
1925 4191 1972 4272 ,er

336 4301 482 4389 bonore
500 4301 768 4417 promittimus,
801 4315 837 4386 et
857 4331 950 4404 ooS,
972 4329 1295 4417 successoresque
1316 4309 1469 4382 nostros
1489 4294 1731 4412 presentibus·
1749 4293 1972 4416 obligemus.

335 4417 379 4524 ln
400 4415 560 4538 quarunt
580 4417 742 4530 omnium
762 4415 876 4525 tidem
897 4445 944 4530 ao
964 4417 1213 4534 testimonium
1245 4414 1536 4531 premissorum,
1566 4409 1692 4533 sigilla
1722 4428 1854 4511 nostra
1885 4423 1972 4500 sunt

337 4539 584 4656 presentibus
604 4533 881 4658 subappensa(
901 4535 936 4646 .).
988 4535 1124 4654 Aulum
1154 4549 1194 4622 et
1214 4532 1344 4652 daurm¹
1369 4538 1607 4675 Pyoulrowie
1633 4533 1671 4619 in
1700 4531 1968 4660 Conveneiono

375 4767 379 4772 ·
423 4732 481 4885 sl
502 4736 536 4800 ln
549 4733 722 4834 apographo
734 4733 1135 4832 brtjustobulaesdequoutit
1145 4733 1302 4799 monuo-in
1315 4733 1546 4818 noto-eaqaentt,
1558 4733 1599 4798 sio
1610 4727 1727 4817 teg‘ttue
1739 4729 1854 4816 „sigilla
1866 4719 1968 4812 nostra

339 4839 420 4885 nono
453 4819 614 4908 lorumque
629 4822 766 4900 mutum,
783 4841 941 4907 procerum
957 4827 989 4886 et
1002 4821 1148 4888 nobilium
1163 4826 1235 4885 sunt
1250 4819 1438 4904 presentibus
1453 4818 1649 4902 subapensa”.
1765 4852 1845 4955 ww
1885 4841 1888 4850 ¹
1930 4833 1955 4851 ·’
