4800 5942
991 623 1367 758 '-oeo-

382 973 384 980 ,
415 873 618 980 litando,
648 872 893 993 sigismundo
921 890 959 960 et
977 875 1151 992 genitore
1172 886 1303 972 nostro
1324 888 1540 979 teneantur,
1573 889 1610 960 et
1630 894 1923 985 conserventur,
1953 881 2047 972 ‘nudi-

413 1007 578 1105 centque
612 1008 649 1092 et
681 991 872 1095 ordinent,
908 1020 1047 1078 census
1084 1005 1121 1076 et
1151 1007 1358 1110 proventus
1393 1022 1486 1080 suos
1520 993 1556 1078 in
1587 994 1773 1112 integrum
1808 1011 1980 1114 repetant
2010 1017 2047 1090 et

414 1111 588 1229 exigunt,
619 1109 719 1194 velut
737 1110 787 1196 ab
808 1109 977 1220 antiquo,
1008 1139 1176 1200 necnon
1197 1109 1456 1200 ministeriales
1478 1108 1651 1229 dirigant,
1673 1111 2045 1230 delatigaciunesque

412 1227 578 1344 ipsorum
599 1227 694 1315 alias
716 1232 915 1340 stootzup
936 1227 1031 1316 solvi
1051 1227 1207 1330 iaciant,
1241 1227 1343 1314 iuxta
1367 1227 1675 1317 consuetudinem
1697 1233 1900 1346 provincie.
1953 1233 2043 1327 ltem

414 1359 569 1432 nortem
597 1344 759 1432 obeunte
791 1345 973 1433 tenutario
1001 1359 1066 1432 aut
1090 1345 1211 1432 villico
1232 1369 1488 1455 quocumque,
1519 1347 1556 1432 in
1585 1352 1747 1434 Vztnene·
1771 1363 1837 1437 aut
1868 1355 2048 1440 Troeenci
2124 1439 2128 1448 ,

413 1460 659 1550 districtibus:
695 1461 899 1551 Vil'ncnses
928 1477 967 1550 et
997 1463 1215 1553 Troccuses
1249 1463 1408 1550 Palatini
1443 1464 1480 1552 in
1506 1465 1585 1552 suis
1616 1463 1861 1571 districtibuS,
1898 1483 2045 1563 tenutas

412 1580 575 1669 anobis
607 1581 814 1670 secundum
845 1581 1078 1697 exigenuiam
1100 1583 1332 1684 meritorum,
1364 1579 1424 1670 vel
1444 1580 1730 1693 obsequiorum,
1767 1599 1803 1672 et
1833 1584 1895 1697 qui
1924 1587 2044 1677 eciam

412 1698 522 1787 nobis
552 1697 775 1798 videbuntur
805 1697 949 1815 idoncj,
979 1699 1048 1786 illis
1080 1711 1208 1815 petant
1235 1729 1304 1788 scu
1322 1699 1543 1814 impetrent:
1575 1699 1766 1788 eteoclem
1788 1702 1901 1791 modo
1921 1701 1987 1792 fiat
2006 1705 2044 1794 iu

412 1816 583 1904 ornnibus
613 1821 697 1936 alijs
728 1817 966 1907 districtibus.
1019 1816 1110 1905 ltem
1142 1814 1363 1933 dignitates,
1400 1832 1524 1905 tenute
1555 1831 1593 1904 et
1620 1817 1762 1920 cilicia,
1791 1820 1984 1910 incastris
2005 1835 2044 1908 et

411 1932 641 2040 civitatibus,
671 1937 837 2030 inmetis
858 1935 1150 2038 remocioribus,
1181 1935 1214 2020 si
1244 1965 1318 2051 que
1348 1937 1634 2024 vacaverint'et
1652 1937 1886 2052 aperientur,
1917 1937 2044 2028 babila

411 2047 708 2159 deliberacione,
740 2085 823 2140 cum
854 2053 1012 2140 dominis
1034 2051 1176 2166 consilij
1199 2053 1335 2156 nostri,
1367 2053 1454 2140 talia
1476 2051 1598 2140 officia
1620 2051 1678 2140 vel
1702 2070 1850 2142 tenutas
1871 2057 2041 2146 coniere-

411 2199 494 2256 mus
513 2161 722 2258 secundum
742 2171 963 2286 promerita,
993 2169 1054 2258 vel
1075 2171 1137 2288 qui
1157 2169 1267 2258 nobis
1288 2167 1472 2258 videbitur
1493 2173 1615 2287 magis
1635 2164 1774 2258 valere.
1806 2171 1876 2270 ‚Er
1906 2171 2043 2261 domini

410 2287 610 2406 consiliarij
632 2289 770 2376 debent
789 2289 839 2376 ita
858 2290 995 2376 lacere.
1045 2287 1136 2376 ltem
1158 2286 1287 2391 vidue,
1319 2319 1394 2406 que
1412 2302 1676 2376 remanserunt
1708 2289 1873 2378 inbonis
1895 2289 2042 2382 bered-

409 2404 513 2520 turijs
533 2423 620 2520 pust
640 2423 795 2496 mortem
817 2407 1044 2511 maritorum,
1065 2405 1116 2492 ad
1137 2405 1297 2492 servicia
1318 2407 1508 2494 terrestria
1529 2421 1566 2492 ct
1585 2405 1742 2494 bellicas
1763 2407 2042 2524 expediciones,

408 2523 510 2612 iuxta
531 2524 742 2612 facultatem
764 2526 1070 2641 possessionum,
1102 2521 1377 2639 obligabuntur.
1427 2523 1520 2612 ltern
1548 2520 1780 2611 donaciones
1812 2537 1850 2610 ct
1879 2556 2041 2616 nonces-

405 2641 537 2728 mones
557 2640 644 2726 olim
664 2643 847 2756 genitoris
868 2641 995 2744 nostri,
1017 2669 1113 2755 quas
1132 2639 1243 2724 alicui
1262 2635 1427 2743 donavit,
1451 2655 1516 2726 aut
1534 2641 1707 2756 providit,
1728 2657 1765 2728 et
1783 2643 1821 2728 in
1835 2639 1910 2731 hoc
1925 2642 2040 2732 literis

409 2755 489 2846 suis
519 2756 773 2858 confirmavit,
804 2769 985 2873 perpetua
1012 2755 1238 2861 tenebimus,
1279 2755 1349 2844 sed
1380 2757 1439 2842 cui
1470 2755 1569 2843 idem
1600 2758 1748 2876 genitor
1776 2771 1905 2846 noda
1934 2757 2040 2846 dedit

407 2870 547 2991 abqut‘d
568 2873 618 2960 ad
640 2874 829 2962 arbitrium
851 2889 887 2962 et
903 2872 1128 2960 voluntatem
1151 2903 1269 2974 suam,
1290 2872 1378 2963 illud
1399 2889 1436 2962 ct
1451 2903 1522 2964 nus
1543 2904 1613 2989 pro
1629 2873 1778 2964 arbitrio
1792 2887 1833 2996 et
1848 2875 2040 2964 voluntate

408 3003 551 3098 nostra,
573 3008 610 3081 et
631 2992 864 3081 dominorum
885 2992 1030 3109 consilij
1051 2992 1180 3096 nostri,
1202 3019 1452 3085 reservamus
1488 2990 1652 3080 Nostras
1672 2993 1790 3080 edam
1806 2991 2041 3082 donaciones

408 3107 587 3198 iaciemus
612 3126 650 3198 et
670 3110 861 3216 dabimuS,
892 3109 943 3198 ad
963 3109 1153 3198 arbitrium
1175 3124 1354 3198 nostrum.
1405 3109 1452 3196 Et
1473 3111 1505 3198 si
1526 3109 1635 3198 alicui
1650 3111 1880 3198 ¹voluerimus
1902 3109 2040 3201 confir-

408 3255 514 3314 mare
542 3227 592 3315 ad
623 3229 927 3346 perpetuitatem,
959 3226 1057 3341 istud
1088 3228 1208 3315 eciam
1236 3243 1294 3318 cst
1313 3229 1348 3316 in
1370 3229 1560 3316 uoluntate
1580 3243 1724 3316 nostra.
1777 3229 1870 3316 ltcm
1901 3258 2038 3318 census

408 3344 688 3450 theloneorum,
725 3347 984 3451 tabernarum,
1016 3360 1053 3432 et
1082 3346 1164 3462 alij,
1194 3345 1369 3464 exponis
1399 3361 1440 3432 et
1457 3345 1742 3464 undecumque,
1773 3347 1883 3435 nobis
1903 3375 2040 3463 prove·

408 3463 564 3568 uiantes
585 3465 812 3580 recipiantur
831 3480 869 3552 et
887 3476 1119 3581 reponantur
1139 3464 1175 3550 in
1196 3461 1415 3552 thezaurum
1434 3478 1616 3572 nostrum;
1636 3465 1698 3575 qui
1718 3463 1868 3575 quidem
1890 3493 2041 3570 census,

408 3581 614 3668 anundum
635 3583 791 3671 consilia
813 3581 1045 3668 dominorum
1067 3581 1365 3670 consiliariorum
1385 3597 1609 3686 nostrorum,
1630 3611 1699 3698 pro
1721 3585 1870 3671 comuni
1891 3581 2043 3670 utilitate

409 3700 577 3812 terrestrj
614 3698 751 3786 debent
782 3699 961 3818 converti.
1017 3695 1127 3788 Nulla
1157 3729 1249 3786 vcro
1283 3701 1508 3814 necessitate
1528 3700 1758 3801 imminente,
1795 3699 1881 3788 dicti
1903 3728 2040 3789 cerbus

410 3819 491 3910 sine
512 3813 703 3904 voluntate
724 3816 889 3930 ipsorum
910 3816 1164 3916 dominorum,
1200 3847 1269 3932 pcr
1297 3847 1368 3908 nos
1395 3815 1444 3904 do
1472 3816 1653 3907 bezauro
1676 3816 1750 3904 tolli
1771 3830 1808 3903 et
1826 3817 1903 3904 reci
1932 3815 2038 3905 inou

410 3933 565 4038 debent,
594 3945 659 4020 aut
688 3946 735 4018 ex
756 3933 947 4048 provincia
970 3933 1091 4019 educi.
1142 3932 1233 4027 ltcru
1255 3935 1334 4020 iura
1355 3935 1542 4022 secularia
1562 3965 1637 4024 non
1659 3933 1838 4023 debemus
1861 3934 1869 3949 ’
1923 3961 2038 4020 unere

410 4067 474 4144 aul
493 4052 735 4143 intromittere
754 4051 794 4138 in'
812 4050 891 4136 iura
912 4049 1132 4167 spiritualia:
1164 4065 1200 4138 et
1220 4081 1242 4136 e
1263 4079 1452 4138 converso
1470 4051 1555 4140 iura
1575 4051 1787 4167 spiritualia,
1809 4079 1875 4138 seu
1897 4077 2040 4141 causas

410 4171 638 4286 pertinentes
658 4167 709 4254 ad
725 4168 1009 4286 iusspirituale,
1030 4167 1079 4254 ad
1099 4168 1178 4254 iura
1200 4169 1386 4259 secularia
1406 4199 1483 4257 non
1504 4168 1697 4261 ducemus:
1719 4199 1842 4284 neque
1862 4191 2039 4274 evocare,
2095 4263 2109 4290 ·

346 4305 354 4314 '
410 4286 609 4398 omniaque
630 4301 759 4378 tenere
780 4317 828 4376 ex
848 4288 1022 4398 antiquo,
1054 4287 1151 4376 sicut
1170 4301 1249 4374 erat
1270 4288 1418 4376 vivente
1438 4301 1546 4404 patre
1566 4302 1708 4398 nostro.
1758 4285 1850 4375 ltem
1870 4284 2038 4402 plebeios

410 4407 529 4522 super
547 4404 691 4493 nubiles
711 4435 790 4494 non
810 4403 990 4496 debemus
1011 4403 1212 4507 extollere,
1248 4403 1316 4491 sed
1345 4419 1460 4492 totam
1490 4404 1715 4494 nobilitatem
1744 4432 1976 4494 conservare
2000 4401 2038 4489 in

411 4551 482 4614 sua
502 4523 710 4612 honestate.
755 4521 847 4609 ltem
878 4554 993 4640 super
1013 4522 1201 4611 districtus
1230 4537 1266 4609 ct
1287 4521 1520 4628 tributarius,
1553 4521 1735 4611 debemus
1766 4524 1910 4610 mittere
1929 4520 2040 4606 binos

412 4653 448 4730 al
470 4641 577 4730 binos
598 4641 773 4732 dominos
794 4639 896 4750 (sio),
921 4642 1079 4758 singulis
1100 4639 1228 4746 annus,
1256 4669 1326 4758 pro
1346 4641 1544 4758 exigendis
1564 4641 1709 4728 tributis
1730 4655 1766 4728 et
1787 4638 1973 4754 reliquijs,
1998 4638 2041 4733 ¹in

411 4760 559 4877 uulgari
590 4765 875 4874 Nyedoymlrou.
920 4757 969 4848 Et
989 4760 1059 4876 ipsi
1080 4758 1218 4848 domini
1237 4760 1496 4849 obvoncioncs
1517 4787 1585 4850 eos
1607 4773 1882 4850 concernentes
1903 4754 2040 4846 debent
