4800 5942
1144 731 1187 746 -
1240 691 1316 766 320
1371 732 1415 744 -

465 903 551 980 sunt
570 921 753 1012 appensa,
773 891 983 980 matimonio
1000 857 1202 979 literarum
1243 890 1389 980 ‘Datum
1410 907 1446 979 et
1467 895 1591 978 ¹actum
1612 891 1649 978 in
1673 861 1842 994 Grodco,
1864 893 1956 981 lario
1976 909 2096 1000 sexta,

464 1007 580 1098 indie
599 1011 729 1098 Sancti
749 1007 896 1098 Nicolai
916 1009 1110 1098 Pontidois
1125 1025 1163 1098 et
1180 1010 1423 1109 Confossoris
1439 1007 1609 1129 gloriosi
1630 1037 1732 1101 anno
1746 1009 1887 1100 domini
1901 1011 2096 1102 millesimo

466 1127 837 1250 quadringentesimo
857 1127 1046 1240 tricesimo
1065 1129 1238 1245 septimo.
1582 1147 1584 1152 ’
1640 1151 1644 1158 ·

1143 1441 1419 1562 CLXXVIII.

534 1827 538 1838 ⁶
611 1713 952 1811 oenomao,
979 1733 1136 1844 oeno
1161 1647 1311 1802 uae
1337 1716 1389 1799 o.
1415 1653 1460 1798 e
1480 1639 1946 1826 maenum

506 1861 818 1990 wicmannus
832 1915 934 1988 nn
947 1915 1017 1988 ru
1030 1913 1294 2010 nomano
1308 1917 1646 2006 Przyqotxoettottltr
1659 1913 1861 2014 romanu
1878 1921 2043 1990 Gotoctoo

713 2018 866 2110 propitio,
878 2015 1074 2111 prlritcglun
1088 2019 1172 2092 turio
1185 2019 1346 2093 renudet
1359 2018 1634 2112 omonimum
1647 2021 1782 2114 rugitu
1794 2023 1844 2109 (¹).

563 2239 605 2327 ln
627 2241 775 2329 nomine
796 2239 952 2348 domini,
973 2269 1094 2332 amen.
1136 2242 1197 2330 Ad
1217 2255 1435 2360 perpetuam
1457 2244 1511 2328 rei
1532 2245 1760 2330 memoriam.
1804 2243 1900 2330 Cum
1917 2243 2011 2330 inter
2026 2239 2090 2328 hu·

252 2415 255 2422 ι
360 2417 370 2433 =
462 2387 574 2446 mana
594 2354 773 2461 comoda,
804 2359 913 2445 nichil
934 2359 1085 2478 dignius
1106 2363 1292 2458 memoria,
1308 2360 1502 2466 habeatur,
1524 2371 1748 2478 oportunum
1771 2361 1905 2466 existit,
1926 2365 1965 2446 ut
1984 2371 2093 2446 actus

385 2555 388 2565 .
460 2476 668 2582 hominum,
700 2475 887 2563 literarum
908 2508 930 2564 a
960 2477 1078 2563 ioibus
1099 2493 1134 2564 et
1154 2480 1301 2564 testium
1323 2477 1572 2564 annotaoione
1597 2477 1885 2594 perhennentur,
1917 2507 1965 2563 ne
1987 2476 2094 2594 lapsu

461 2593 641 2708 temporis
662 2611 910 2680 evanescant:
933 2509 1109 2679 l³roinde
1129 2593 1214 2681 Nos
1235 2593 1471 2682 Wladislaus
1493 2593 1552 2681 dei
1574 2597 1705 2730 gracia
1725 2593 1811 2682 Rex
1833 2593 2002 2698 Polonie,
2023 2621 2095 2706 nec
2152 2634 2157 2640 ·

461 2737 539 2796 non
559 2705 759 2794 Terrarum
783 2707 987 2808 Cracovie,
1008 2709 1258 2816 Sandomirie',
1279 2709 1452 2828 Syradie,
1472 2711 1660 2819 Lancrcie,
1684 2711 1862 2828 Cuyavic,
1882 2708 2094 2796 Lithwanie

461 2823 648 2939 Princeps
669 2823 890 2958 Supremos
913 2823 1149 2933 Pomeranie,
1169 2823 1386 2944 Russieque
1407 2829 1581 2916 dominus
1603 2846 1639 2918 et
1658 2829 1767 2916 heres
1788 2841 1859 2914 etc.
1892 2823 2094 2960 Significa-

461 2971 546 3028 mus
566 2955 698 3027 tenore
719 2940 803 3052 (sic)
826 2940 959 3144 igibus
980 2938 1131 3058 expedit
1145 2943 1341 3048 universis
1363 2956 1437 3029 tam
1458 2948 1695 3062 presentibus
1715 2945 1978 3062 quam'lntuns
1997 2941 2094 3029 noti-

462 3061 557 3147 ciam
577 3058 826 3263 presencium
873 3058 1047 3145 abituris:
1084 3056 1290 3172 Quomodo
1311 3062 1459 3146 attentis
1479 3063 1645 3176 plurimis
1667 3061 1830 3147 lrdelium
1852 3061 2094 3149 serviciorum

463 3206 573 3264 como
603 3175 761 3280 itatibus,
775 3176 909 3288 quibus
925 3176 1034 3262 nobis
1053 3173 1279 3294 Magnidous
1295 3175 1468 3293 RaphaeI
1485 3175 1533 3264 de
1550 3181 1761 3278 Gotuclow,
1779 3177 2094 3264 Suboameran'us
2196 3183 2198 3188 ’

463 3293 682 3382 CaIisiensis
703 3309 739 3381 et
761 3293 990 3413 Capitoneus
1012 3293 1168 3381 llloioris
1191 3293 1349 3380 Polonic
1374 3291 1590 3401 Generalis,
1620 3293 1731 3380 nobis
1752 3295 1900 3382 sincere
1919 3292 2088 3400 dilectus

461 3424 613 3534 gratum
634 3441 677 3498 se
696 3411 833 3532 iugiter
846 3409 1010 3526 reddidit
1030 3426 1067 3498 et
1082 3423 1290 3614 acceptum:
1310 3411 1442 3498 horum
1459 3413 1600 3532 gracia,
1622 3440 1669 3497 ac
1685 3409 1734 3497 ad
1750 3411 1922 3498 humilem
1938 3439 2092 3529 precum

462 3559 615 3617 suarum
637 3529 877 3633 instanciam,
909 3530 978 3615 sihi
1000 3527 1048 3614 de
1069 3529 1226 3617 consilo
1247 3529 1542 3617 consiliariorum
1565 3544 1797 3638 nostrorum,
1819 3527 2005 3619 civitatem
2027 3555 2095 3615 seu

393 3741 403 3760 ,
462 3647 614 3764 opidum
636 3648 671 3733 in
693 3643 802 3733 bonis
823 3649 901 3734 suis
922 3643 1200 3761 Pr'zipodzicze,
1223 3663 1260 3735 ct
1280 3649 1315 3734 in
1337 3646 1498 3734 desertis
1519 3643 1729 3758 Ilczzjelciti,
1758 3648 1794 3734 in
1816 3661 1916 3734 terra
1937 3643 2093 3731 Maioris

461 3763 623 3851 Polonie
644 3777 682 3849 ct
702 3763 869 3852 districtu
894 3763 1092 3852 CaIisiensi
1113 3766 1212 3869 sitis,
1244 3763 1293 3852 de
1313 3765 1541 3882 benignitate
1561 3759 1690 3852 nostra
1712 3763 1885 3882 speciali,
1911 3761 1960 3848 de
1979 3786 2095 3866 noua

303 3980 308 3989 ,
460 3880 592 3969 radice
621 3882 772 4003 erigere
800 3895 912 3999 atquo
943 3882 1071 3969 locare
1100 3881 1318 3968 indulsimus
1349 3896 1386 3970 et
1411 3880 1672 4017 indulgemus,
1705 3895 1836 3968 tenore
1855 3879 2091 3997 presencium

461 3998 669 4106 mediante,
700 4030 787 4119 Jurc
817 4012 942 4085 tamen
979 3999 1212 4087 Theutuoico
1249 3999 1549 4118 Maidburgensr.
1612 3997 1731 4112 Quod
1762 3995 1909 4118 quidem
1941 3993 2096 4114 opidum

462 4119 543 4205 sive
564 4119 762 4226 civitatem,
782 4117 904 4205 taliter
925 4116 973 4204 de
995 4147 1109 4205 nowo
1130 4115 1342 4221 locandam,
1362 4107 1635 4228 Sz'wtjctltlowo
1655 4117 1730 4206 hoc
1750 4115 1900 4202 nomine
1920 4111 2095 4200 decerni·

462 4263 546 4322 mus
565 4251 604 4322 et
624 4234 797 4327 volumus
816 4235 1010 4355 appellari.
1060 4235 1207 4323 Dentes
1228 4235 1298 4351 ipsi
1326 4234 1512 4354 Raphaeli
1534 4233 1682 4353 plenam
1704 4247 1742 4319 et
1761 4232 1911 4322 totalem
1933 4243 2096 4348 potesta-

462 4364 550 4458 tem,
571 4351 740 4441 homines
762 4355 1032 4473 cuiuscumque
1054 4353 1220 4474 lingwaij
1243 4353 1325 4468 (sio)
1348 4352 1396 4439 de
1413 4352 1582 4472 partibus
1598 4353 1785 4439 extraneis
1804 4349 1947 4470 Regno
1962 4359 2097 4435 nostro

462 4469 674 4591 contiguis,
704 4471 753 4558 ad
780 4470 917 4559 dictam
949 4473 1134 4560 civitatem
1156 4472 1236 4562 sive
1257 4470 1408 4590 opidum
1430 4468 1686 4575 convocandi,
1717 4482 1756 4556 et
1775 4475 1861 4554 eam
1880 4463 2096 4578 frequencio

493 4807 500 4822 .
564 4724 604 4808 (¹1
619 4721 826 4822 'Descriptum
849 4741 886 4787 cx
906 4719 1070 4820 prototypo
1089 4722 1338 4802 membranaceo,
1360 4721 1390 4787 In
1412 4719 1561 4788 tabulario
1584 4719 1628 4786 ΙΙΙ.
1649 4718 1824 4805 Principum
1847 4697 2094 4784 llndriwillorum

463 4807 665 4875 Nreboronae
681 4815 845 4874 enervato.
881 4803 1017 4891 Sigillum
1033 4804 1128 4872 deest
