4778 5952
1028 829 1072 840 —
1126 787 1201 860 227
1245 827 1302 854 .-

347 1005 492 1098 vatum‚
525 989 608 1078 Nos
637 1016 732 1078 vero
760 989 886 1077 habito
914 989 1073 1076 consitio
1103 1004 1316 1078 nostrorum
1346 987 1561 1092 Beronum,
1593 986 1776 1078 babentes
1804 985 1916 1076 deum
1944 1006 1982 1076 et

206 1187 216 1210 ,
347 1111 624 1199 conscienciam
650 1121 818 1196 nostram
866 1138 908 1195 ro
929 1108 1061 1214 ocutis,
1082 1135 1151 1224 por
1172 1107 1364 1194 decretum
1385 1105 1522 1221 dodicij
1545 1105 1662 1193 nostri
1685 1104 1838 1216 Andree
1857 1107 1982 1196 Judici

346 1245 478 1318 nostro
500 1227 717 1316 dobrincnsi
736 1139 996 1314 mandavimus
1018 1224 1178 1312 eandem
1198 1225 1441 1312 hereditatem
1464 1221 1601 1310 dictam
1624 1229 1828 1327 diachono,
1859 1229 1983 1314 sittcm

347 1349 384 1434 in
402 1361 502 1433 terra
519 1343 771 1447 Dobriniensi,
795 1359 978 1465 perpetuo
993 1342 1199 1460 jamdictis
1219 1342 1306 1430 Ade
1320 1341 1503 1429 Venatori
1524 1358 1560 1430 et
1580 1341 1736 1428 Alberto
1758 1343 1983 1460 Subpincer-

347 1493 396 1552 na
418 1465 500 1575 (sic)
532 1462 846 1550 Dobriniensibus
866 1461 1074 1579 adjudicari
1095 1475 1132 1549 et
1156 1463 1322 1578 ipsorum
1345 1461 1379 1547 le
1410 1461 1532 1546 ittimis
1553 1460 1866 1567 successoribus,
1898 1490 1984 1548 cum

352 1582 524 1670 omnibus
543 1581 770 1686 utilitatibus
801 1580 1008 1668 redditibus
1030 1596 1067 1666 et
1087 1579 1286 1684 censibus3
1312 1489 1488 1692 predictis
1508 1607 1601 1664 vero
1621 1576 1796 1668 tratribus
1817 1581 1985 1696 ipsorum

376 1702 529 1788 atraciis
550 1699 633 1811 (sio)
654 1699 846 1788 actoribus
867 1699 1022 1802 dcccci,
1051 1697 1160 1784 Visto
1181 1713 1218 1784 et
1238 1695 1359 1784 Paulo
1380 1696 1556 1784 iratribus
1577 1699 1769 1815 germanis
1790 1697 1838 1785 de
1856 1703 1985 1784 Nomii

348 1729 563 1922 beneditus,
583 1847 654 1936 pro
677 1816 810 1904 eodem
831 1814 1041 1904 hereditate
1061 1823 1266 1916 Ytuclrowc
1279 1826 1326 1900 ct
1341 1814 1508 1931 ipsorum
1525 1816 1814 1904 successoribus
1835 1845 1985 1903 exnunc

348 1951 569 2054 perpetuum
598 1934 789 2023 silencium
812 1936 1057 2052 imponentes.
1108 1933 1150 2020 ln
1181 1962 1340 2053 quorum
1368 1936 1529 2022 omnium
1558 1933 1804 2020 testimonium
1835 1933 1885 2020 ad
1907 1935 1983 2019 evi·

349 2053 521 2141 danciam
552 2053 778 2173 pleniorem,
814 2052 975 2172 sigilium
1006 2065 1175 2139 nostrum
1208 2052 1446 2170 presentibus
1478 2051 1650 2136 duximus
1681 2049 1983 2168 appendendum.

350 2171 487 2259 Actum
509 2187 546 2260 ct
566 2171 692 2258 datum
714 2172 750 2259 in
770 2166 1113 2284 Bouronmtptb,
1145 2170 1317 2256 Sabbata
1338 2171 1510 2288 proximo
1532 2184 1619 2254 anto
1639 2167 1887 2274 Dominioam,
1908 2197 1985 2286 qua

350 2303 522 2377 cantatur
556 2288 838 2392 Reminisccre,
880 2290 991 2375 Anno
1028 2287 1166 2374 domini
1207 2288 1404 2386 Mittesimo
1442 2287 1704 2374 trecentesimo
1741 2287 1984 2406 sexagesimo

349 2421 497 2526 quarto.
530 2407 776 2510 Prosentibus
792 2407 958 2494 testibus:
978 2406 1130 2492 doanoe
1148 2405 1324 2494 Palatino
1343 2404 1591 2508 Lanciciensi,
1613 2403 1730 2490 Petro
1754 2405 1983 2512 Castaliano,

350 2526 507 2612 Andrea
525 2524 671 2631 dudicc,
702 2525 905 2612 Wlostone
926 2523 1144 2639 subjudice,
1166 2523 1323 2611 Aiberto
1344 2523 1637 2610 Subcamcrario
1657 2520 1983 2629 Dobriniensibus‚

354 2641 557 2730 Bemardo
589 2641 806 2730 Casteitano
838 2641 887 2727 de
917 2641 1058 2758 Rippin
1090 2656 1127 2728 et
1156 2642 1238 2758 alijs
1266 2641 1389 2728 multis
1417 2639 1492 2726 tide
1521 2639 1657 2757 dignis.
1708 2640 1895 2756 Scriptum
1916 2667 1993 2756 per

351 2791 487 2850 manus
508 2759 656 2848 Nicotai
676 2759 779 2848 Rota
801 2759 980 2847 Custodis
999 2757 1258 2846 Lanciciensis
1280 2770 1317 2844 et
1336 2755 1480 2874 Notarij
1504 2758 1606 2842 curie
1628 2770 1768 2842 nostre.
1848 2753 1856 2766 '

364 2927 365 2936 ἵ
452 2941 493 3026 (³)
522 2942 719 3010 Bobrownitri
734 2942 858 3030 opidum
875 2942 905 3008 io
921 2942 1093 3010 Palatinatu
1108 2941 1256 3010 Ptocensi.

968 3272 970 3281 ·
1047 3226 1285 3346 cxxvttt.

445 3499 793 3593 nazarenum,
821 3518 978 3582 anno
1004 3495 1157 3583 1364
1183 3499 1236 3580 d,
1264 3495 1334 3581 31
1360 3517 1527 3580 mena.
1554 3497 1893 3580 coccinum.

354 3699 621 3774 numanus
635 3699 845 3773 conumn
858 3697 1066 3771 unarum
1080 3701 1114 3772 u
1127 3663 1327 3790 prunonio
1342 3697 1566 3788 ceunomo,
1587 3698 1770 3772 samium
1782 3697 1877 3772 nmo
1892 3699 1985 3767 crim

542 3799 880 3879 dominacioni
894 3801 986 3888 uitro,
1002 3797 1158 3877 sonitu
1171 3799 1237 3874 ttio
1251 3799 1414 3875 romum
1429 3799 1468 3874 to
1484 3801 1627 3870 &aaaron
1641 3799 1748 3876 venor
1763 3803 1812 3886 (¹)ss

455 4033 561 4114 1505.
602 4027 644 4113 ln
666 4027 816 4114 nomine
833 4025 983 4130 domini,
1004 4054 1126 4112 amen.
1161 4023 1223 4112 Ad
1239 4039 1458 4144 perpetuam
1476 4026 1529 4111 rei
1546 4025 1771 4112 memoriam.
1793 4023 1984 4138 Quoniam
2044 4125 2049 4140 ‚
2137 4105 2143 4120 ,

352 4158 464 4246 actus
483 4143 672 4232 hominum
692 4160 875 4261 perpetua
896 4145 1074 4232 memoria
1097 4143 1318 4262 indigentes,
1340 4143 1558 4259 pierumque
1578 4143 1627 4229 ab
1643 4142 1831 4228 hominum
1848 4147 1985 4234 noticia
2063 4167 2066 4174 '
2107 4229 2113 4252 ,

353 4261 587 4364 ditabunbar,
623 4261 692 4348 nisi
723 4262 895 4376 apicibus
924 4263 1113 4347 literarum
1150 4278 1188 4348 et
1218 4263 1363 4350 testium
1395 4259 1471 4345 tide
1501 4259 1701 4376 dignorum
1736 4264 1986 4350 annotacionc

353 4381 490 4468 fuerint
556 4377 744 4482 rbennati3
770 4375 928 4494 proinde
948 4375 1032 4465 Nos
1052 4377 1270 4465 Alexander
1290 4378 1349 4465 dei
1370 4379 1501 4494 gracia
1521 4376 1609 4463 Rex
1629 4377 1798 4483 Potonie,
1818 4378 1986 4496 Magnus
2014 4485 2016 4491 Α

355 4499 433 4584 dux
452 4407 657 4601 Lidieuanie,
678 4525 750 4582 nec
771 4523 846 4582 non
868 4511 1049 4582 terrarum
1074 4495 1281 4600 Cracouia,
1313 4493 1570 4600 Sandomirie,
1601 4494 1768 4603 Siradie,
1798 4495 1986 4602 Lancicio‚

358 4615 524 4720 Cuiavie,
540 4611 696 4716 Russie,
717 4612 961 4733 Praedaque,
982 4642 1035 4702 ac.
1054 4611 1277 4719 Colmensis,
1298 4611 1542 4732 Elbingensis
1563 4629 1602 4702 et
1621 4615 1845 4764 Pomerapie
1866 4612 2000 4708 domi.

387 4787 391 4800 ¹
457 4829 498 4916 (¹)
530 4829 554 4896 E
569 4827 644 4896 libro
661 4831 878 4917 manuscripto
894 4829 983 4916 rotgo
998 4829 1129 4898 Matrica
1142 4829 1239 4914 Regni
1252 4829 1334 4897 dicto
1346 4829 1377 4895 in
1387 4830 1577 4899 vannetensi
1589 4829 1739 4898 tabulario
1751 4829 1873 4918 publico
1886 4830 1985 4915 Regni
2017 4839 2020 4844 '

356 4913 499 4982 Polooiae
515 4921 667 4982 asservato
682 4913 738 4981 ΝΜ
751 4913 834 4980 xtx.
849 4935 916 5000 pag.
933 4913 1003 4980 193.

1776 5013 1823 5070 2,
