4778 5952
1002 790 1276 862 ..245-

241 1011 249 1030 ’
320 992 482 1110 spectui,
524 1005 699 1078 strenuus
729 1019 776 1076 ae
804 989 939 1077 nobilis
973 989 1097 1078 Milles
1128 991 1212 1103 (sie)
1247 989 1430 1078 Nicolaus
1444 991 1750 1110 cognominatus
1780 993 1953 1096 Powalu,

319 1111 431 1200 heros
451 1108 500 1196 de
529 1115 719 1210 Ttoezoro,
750 1109 979 1225 presentavit
999 1108 1108 1196 nobis
1126 1108 1314 1225 quasdam
1335 1109 1460 1197 literas
1481 1111 1562 1196 siue
1583 1108 1777 1228 priuilegia
1796 1109 1953 1200 Illustris

319 1228 505 1360 Principis
540 1225 678 1314 domini
713 1227 894 1314 Senouiti
924 1225 1059 1312 ecdem
1090 1231 1213 1344 gratia
1244 1226 1352 1314 ducis
1387 1227 1598 1338 blazowie,
1634 1227 1805 1345 germani
1835 1230 1953 1316 nostri

320 1346 540 1448 charissimi,
561 1345 597 1432 io
619 1376 662 1432 se
680 1346 912 1432 continentes
929 1357 968 1430 et
983 1345 1206 1432 continentia
1223 1347 1303 1462 jura
1320 1359 1357 1432 et
1372 1345 1574 1451 libertates,
1594 1341 1718 1432 Nobili
1735 1344 1953 1432 Swatoslao

251 1487 253 1490 ·
320 1463 422 1550 dicto
452 1461 672 1550 Rzeczewa
702 1461 751 1550 de
783 1469 1040 1578 Mopsuesezoe
1071 1465 1131 1580 pie
1156 1463 1433 1552 recordationis
1466 1475 1675 1550 concessas
1706 1477 1743 1549 et
1763 1459 1953 1549 concessa

320 1611 392 1699 per
419 1580 634 1698 predictum
659 1583 808 1668 lrutrem
839 1595 1008 1669 nostrum
1030 1581 1300 1680 ¹charissimum
1332 1599 1370 1670 et
1397 1585 1477 1701 ejus
1499 1583 1778 1699 posteritatem3
1810 1593 1952 1666 etcum

319 1698 512 1816 predictus
544 1712 675 1787 noster
704 1698 825 1786 lidelis
855 1701 893 1786 in
921 1698 1056 1788 eadem
1082 1703 1191 1818 jura,
1221 1731 1294 1817 que
1316 1703 1439 1788 statim
1461 1714 1687 1818 sequuntur,
1718 1698 1894 1818 legittime
1913 1699 1952 1782 in
2095 1779 2102 1796 „

321 1817 480 1910 cundem
496 1817 741 1904 hereditatem
756 1823 1015 1932 Mapouseeuo
1031 1821 1228 1924 suecessit,
1250 1835 1325 1905 tum
1342 1819 1451 1907 nobis
1468 1819 1650 1904 humiliter
1666 1848 1776 1936 quam
1793 1815 1953 1902 fideliter

321 1935 564 2054 supplicavit,
596 1937 784 2054 quattinus
804 1935 976 2053 predicto
997 1935 1156 2026 Nicolao
1178 1937 1280 2024 dicto
1301 1937 1474 2043 powele,
1496 1938 1752 2070 supernipsum
1767 1932 1953 2050 oppidum

321 2060 579 2167 Mepnuseeuo
611 2055 686 2157 sic,
729 2069 768 2140 ut
798 2057 1037 2172 premittitur,
1077 2085 1288 2142 concessas
1322 2069 1360 2140 et
1390 2081 1577 2154 concessa
1612 2083 1813 2156 tenueere,
1849 2064 1887 2136 et
1916 2053 1952 2138 in
2116 2065 2120 2072 '

321 2201 524 2288 personam
545 2175 661 2288 ipsius
683 2185 721 2258 et
739 2202 895 2260 suorum
922 2203 1190 2262 suceessorum
1222 2173 1466 2292 dignaremur
1487 2174 1568 2284 (sic)
1589 2202 1748 2290 quarum
1768 2170 1850 2283 (sie)
1871 2173 1952 2290 qui-

205 2277 211 2294 ’
275 2387 279 2394 ,
321 2289 408 2376 dem
433 2291 570 2408 jurium
602 2303 640 2378 et
665 2290 896 2396 libertatum,
928 2293 964 2376 in
981 2293 1181 2411 privilegio
1209 2291 1366 2409 predicti
1386 2292 1510 2378 fratris
1530 2292 1667 2394 nostri,
1695 2289 1746 2376 de
1763 2290 1881 2378 verbo
1903 2287 1952 2375 ud

236 2427 237 2432 '
320 2407 477 2496 uerbum
496 2425 606 2498 tenor
626 2408 794 2524 sequitur
814 2425 851 2497 et
869 2425 930 2496 est
949 2409 1053 2496 tulis:
1987 2517 1990 2526 ,

422 2531 524 2614 1377.
564 2525 607 2612 ln
628 2525 778 2614 nomine
799 2527 935 2628 Christi
954 2527 1093 2613 domini
1115 2529 1242 2632 nostri,
1264 2557 1383 2612 amen.
1418 2523 1502 2612 llos
1523 2526 1737 2612 Semouitus
1753 2525 1814 2610 dei
1859 2525 1952 2612 rotie

320 2649 408 2734 Dux
427 2646 561 2732 Junior
580 2642 782 2752 lllazowie,
803 2643 976 2732 dominus
998 2661 1034 2731 et
1055 2645 1165 2732 heres
1189 2644 1416 2731 Czerneosis
1437 2659 1474 2730 et
1493 2643 1684 2730 Rauensis
1706 2659 1776 2730 etc.
1813 2554 1952 2729 olorum

320 2766 476 2852 lauimus
505 2763 679 2856 omnibus
711 2775 746 2847 et
772 2761 949 2882 singulis,
981 2778 1057 2850 tam
1079 2762 1319 2880 presentibus
1339 2791 1452 2880 quam
1473 2762 1581 2847 etium
1604 2761 1753 2868 luteris,
1785 2759 1834 2848 ad
1856 2791 1954 2877 quos

321 2912 481 3000 presens
512 2883 690 2996 scriptum
721 2881 827 2967 luerit
859 2880 1083 2968 deuolutum.
1143 2878 1260 2995 Quod
1290 2895 1448 2998 propter
1482 2878 1608 2971 lidelia
1643 2881 1795 2966 seruitia
1829 2877 1954 2966 Nobis
2060 2913 2072 2934 r

322 3004 491 3116 impensa
523 3027 590 3114 per
623 2997 759 3083 dictum
790 2999 873 3109 (sic)
905 2998 1182 3105 Swatoslaum,
1215 2999 1352 3084 dictum
1384 2997 1605 3115 Rzeczijwa
1626 2996 1675 3083 de
1694 3003 1953 3110 Mepuussewo

321 3115 521 3218 heredem,
562 3125 599 3200 et
630 3115 666 3198 in
695 3128 889 3230 posterum
926 3114 1001 3202 deo
1031 3114 1236 3230 adjuuante
1265 3115 1375 3202 nobis
1398 3129 1447 3200 et
1483 3115 1623 3203 nostris
1654 3113 1954 3221 successoribus

322 3231 594 3351 impendenda,
628 3232 746 3320 lorum
778 3233 848 3320 sibi
878 3245 916 3318 et
945 3233 1024 3320 suis
1055 3233 1243 3352 legittimis
1275 3233 1585 3339 successoribus,
1617 3234 1653 3317 in
1684 3232 1853 3348 predicta
1885 3261 1954 3320 sua

321 3349 528 3438 hereditate
548 3355 818 3462 Mopnussewo,
841 3352 1077 3448 restituimus,
1099 3350 1245 3456 damus,
1267 3351 1458 3437 tribuimus
1480 3367 1515 3436 et
1531 3350 1799 3467 approbamus,
1821 3381 1955 3438 secun·
2015 3404 2018 3412 ·

186 3473 214 3558 ’.
322 3469 410 3555 dum
443 3467 750 3554 consuetudinem
783 3470 944 3555 omnium
977 3470 1183 3574 ciuitatum,
1215 3483 1252 3555 et
1265 3464 1330 3585 jus
1353 3467 1602 3554 theutonicum
1634 3461 1791 3565 interra
1813 3483 1955 3571 nostru,

174 3674 176 3684 ,
323 3585 490 3705 quolibet
519 3584 578 3671 die
609 3585 797 3672 dominico
828 3585 1100 3702 persingulas
1130 3612 1273 3692 annos,
1304 3599 1485 3704 perpetue
1515 3583 1744 3671 duraturum.
1794 3583 1955 3701 lnsuper

322 3699 566 3792 concedimus
597 3702 769 3819 predicto
800 3703 952 3791 domino
983 3699 1203 3791 Swatoslao
1224 3717 1263 3789 et
1282 3733 1352 3791 sne
1372 3702 1552 3821 legittime
1571 3704 1798 3820 posteritati,
1830 3705 1953 3791 binum

321 3820 483 3927 annuale
503 3821 644 3924 lorum,
676 3821 840 3937 quolibet
859 3824 1122 3910 annoscilioet
1143 3825 1178 3909 in
1199 3823 1297 3910 leste
1318 3822 1439 3910 sancti
1458 3821 1617 3908 loannis
1637 3820 1828 3928 Babtiste,
1860 3835 1898 3906 et
1917 3824 1954 3908 in

321 3941 419 4028 lesbo
446 3940 567 4028 suncti
596 3937 748 4027 Martini
773 3938 955 4058 Episcopi
976 3941 1242 4029 celebrandum
1262 3942 1399 4029 ibidem
1422 3943 1458 4027 in
1478 3947 1734 4054 Mepeusseuo
1756 3954 1793 4026 et
1813 3940 1954 4026 haben*

321 4056 428 4160 dum,
458 4075 500 4145 ut
519 4058 671 4174 quilibet
689 4073 878 4148 mereator
898 4058 947 4147 de
967 4077 1097 4149 nostra
1116 4075 1229 4169 terra,
1251 4090 1364 4178 quam
1384 4061 1494 4147 etiam
1515 4061 1646 4146 alienis
1668 4059 1788 4163 terrie,
1809 4072 1883 4143 tam
1905 4058 1954 4146 de

321 4174 543 4277 ciuiteu'bus
564 4202 676 4290 quam
696 4174 745 4262 de
765 4177 860 4263 villis
881 4179 1149 4295 cujuscumque
1169 4178 1442 4266 conditionibus
1463 4176 1546 4286 (sie)
1566 4207 1641 4262 res·
1658 4189 1695 4261 et
1715 4176 1954 4272 mercimonia

321 4292 420 4380 licite
450 4291 571 4409 possit
600 4291 742 4378 ducere
762 4309 798 4378 et
817 4291 1022 4401 reducere,
1052 4323 1180 4382 emere
1206 4312 1242 4383 et
1263 4294 1449 4398 vendere,
1481 4307 1712 4380 commutare
1733 4309 1771 4382 et
1790 4292 1839 4380 ad
1862 4325 1953 4382 usus

322 4435 416 4498 suos
434 4422 680 4512 conuertere,
711 4424 822 4527 prout
846 4410 916 4496 sibi
945 4413 1076 4500 melius
1103 4412 1287 4500 uidebitur
1313 4409 1510 4526 expedire3
1542 4413 1579 4496 in
1624 4411 1776 4498 redictis
1805 4410 1952 4498 duobus

323 4528 488 4614 terminis
516 4541 698 4644 perpetuo
725 4525 924 4614 duraturis.
976 4527 1028 4614 Et
1048 4543 1088 4614 ut
1106 4529 1179 4614 heo
1198 4541 1329 4615 nostra
1348 4530 1550 4632 restitutio,
1581 4442 1735 4617 dbnatio
1757 4546 1794 4616 et
1814 4556 1951 4642 appro-

323 4643 445 4748 batio,
477 4643 614 4730 ibidem
634 4644 670 4729 in
689 4651 967 4758 Mepnussewo,
1000 4647 1118 4733 robur-
1137 4646 1302 4734 obtineat
1321 4662 1503 4766 perpetue
1523 4647 1726 4752 firmitatiS,
1752 4653 1951 4761 presentes

323 4761 450 4847 literas
472 4761 584 4847 scribi
606 4774 644 4846 et
663 4790 713 4879 ap
741 4765 896 4850 ensione
922 4765 1041 4853 nostri
1061 4764 1171 4883 sigilli
1192 4767 1432 4884 communirj,
1462 4768 1499 4853 in
1520 4765 1768 4852 testimonium
1790 4761 1950 4849 omnium

322 4881 591 4996 premissorum
612 4793 845 4969 mandbmus.
898 4883 1033 4969 Actum
1064 4898 1101 4969 et
1120 4880 1246 4969 datum
1273 4891 1405 4984 Rome,
1438 4884 1499 4969 die
1519 4883 1682 4999 Tiburcij
1705 4897 1741 4969 et
1759 4878 1951 4966 Valeriani
