4788 5926
1083 710 1359 783 -ran-

409 913 694 1030 possessionem
724 911 928 1018 devoluto,
959 910 1201 998 considerata
1229 909 1457 1022 necessitate
1488 915 1526 995 'et
1551 908 1767 1028 indigenoia
1783 909 1957 1002 :Abbatis
1981 917 2037 1003 a'd

410 1047 617 1118 conventus
647 1031 861 1116 monasterii
890 1029 953 1116 de
970 1037 1156 1143 Byssoor'o
1191 1028 1468 1144 Gysteroiensis
1500 1026 1664 1133 ordinis,
1693 1027 2035 1122 Wiadisiavieusis'

409 1148 589 1254 diocesis,
619 1147 744 1234 debito
765 1149 911 1265 pietatis
933 1164 1034 1235 motu
1056 1147 1110 1234 eis
1132 1142 1619 1262 consulereprodesseque
1638 1146 1848 1262 cupientes,
1870 1148 1934 1234 -od
1945 1181 2035 1267 per

346 1351 347 1354 γ
408 1268 546 1353 tectum
561 1267 597 1376 (?
613 1267 820 1382 proiectum
841 1267 877 1375 t)
898 1267 1065 1382 ipsorum
1086 1293 1134 1350 ac
1155 1263 1266 1350 divini
1288 1263 1409 1350 cultus
1445 1265 1749 1378 promocionem,
1791 1267 2034 1354 concedimus

407 1384 544 1492 Abbati
574 1398 612 1470 et
632 1384 829 1470 conventui
854 1383 934 1498 jam
966 1383 1074 1469 dictis
1106 1382 1320 1498 monasterii
1346 1381 1535 1498 prelibati,
1566 1395 1603 1466 ut
1626 1381 1889 1488 hereditatem,
1922 1415 2034 1502 quam
2139 1403 2154 1432 ’-

406 1501 545 1589 habent
565 1531 680 1618 super
701 1499 879 1615 Wyslam.
896 1501 1059 1606 fluvium,
1088 1529 1199 1620 quam
1221 1491 1362 1584 eisdem
1384 1499 1419 1583 in
1441 1499 1678 1614 presentibus
1698 1500 1976 1608 confirmamus,
1998 1505 2034 1592 in

406 1619 573 1706 districtu
594 1619 780 1737 premisso
804 1616 1164 1738 Wissegrodnensi,
1194 1617 1256 1732 qui
1278 1614 1579 1728 trunciaco)
1601 1617 1793 1734 wigariter
1812 1617 2033 1734 appellatur,

405 1738 625 1854 locentjure
640 1737 870 1826 theotonice
890 1735 1212 1853 Meydeburgensi
1232 1733 1292 1824 uei
1307 1735 1381 1824 alio
1398 1764 1655 1852 quocumque·
1667 1736 1765 1824 sicut
1779 1736 1834 1824 eis
1849 1735 2034 1828 uidebitur

406 1854 596 1975 eripedire,
618 1885 702 1940 oum
723 1868 801 1941 toto
823 1852 988 1962 districtu
1011 1882 1100 1958 suo;
1121 1868 1160 1939 et
1174 1854 1293 1968 ipsum
1303 1854 1368 1968 jus
1384 1881 1454 1970 per
1467 1867 1584 1938 totam
1599 1849 1842 1940 hereditatem
1858 1854 2033 1964 habeant,

406 1989 479 2060 tam
501 1973 537 2057 in
560 2003 606 2058 eo
621 1971 730 2090 'quod
751 2001 822 2088 pro
843 1971 1004 2090 propriis
1024 1973 1158 2060 aratris
1178 1970 1249 2061 sihi
1269 1969 1539 2078 reservabunt,
1571 1967 1682 2090 quam
1703 1971 1738 2056 in
1761 1999 1828 2072 eo,
1859 1971 1962 2088 quod
1983 1974 2033 2062 ad
2068 2072 2076 2082 ,

406 2091 772 2208 vibamdisponen13
804 2103 841 2174 et
860 2089 896 2174 in
918 2105 1033 2176 totum
1065 2090 1183 2207 ipsam
1210 2087 1452 2175 hereditatem
1475 2088 1666 2192 ordinent,
1698 2088 1904 2176 secundum
1925 2121 2033 2178 suam

327 2266 339 2292 .,
405 2208 606 2321 utilitatem,
629 2222 701 2293 tam
714 2208 795 2294 sub
816 2219 928 2313 terra,
949 2235 1061 2324 quam
1082 2235 1196 2322 supra
1219 2221 1367 2306 terram,
1388 2209 1425 2322 in
1445 2209 1562 2324 agris,
1582 2207 1710 2323 pratis,
1731 2205 1846 2311 silvis,
1866 2212 2033 2325 pascuis,

404 2327 535 2444 aquis,
553 2321 817 2440 molendinis,
825 2324 1114 2444 piscacionibus,
1135 2322 1423 2429 venacionibus;
1455 2338 1491 2409 et
1512 2324 1702 2440 navigium
1722 2355 1790 2411 seu
1811 2317 2032 2446 passagium

403 2474 517 2561 supra
544 2441 728 2550 Wiziam;
760 2441 894 2556 dantes
925 2444 980 2528 eis
1011 2441 1164 2527 liberam
1196 2439 1408 2527 [acuitatem
1438 2439 1725 2530 ibidem'iorum
1756 2441 1916 2529 faciendi
1947 2457 2033 2532 cum
2141 2529 2147 2538 .

289 2635 292 2638 .
404 2563 503 2648 omni
517 2567 603 2680 jure
623 2561 703 2662 sori,
728 2589 776 2643 ac
796 2589 865 2674 per
885 2560 1089 2644 Sooitetum
1112 2571 1150 2641 et
1169 2556 1357 2645 Scabinos
1379 2589 1488 2644 omne
1502 2558 1682 2679 judicipm
1704 2561 1852 2646 nomine
1871 2561 2032 2650 Abbatis

401 2707 473 2795 pro
505 2704 623 2761 causa
646 2674 808 2792 qualibet
829 2675 1043 2761 exercendi.
1059 2666 1077 2691 ‘³
1092 2674 1180 2791 lpse
1211 2677 1330 2761 eciam
1360 2677 1493 2763 Abbas
1526 2689 1563 2761 et
1592 2677 1652 2764 cui
1683 2677 1764 2794 ipse
1795 2679 2030 2787 commiserit,

368 2841 373 2846 ·
404 2823 516 2882 omne
539 2791 711 2878 'udicium
726 2790 967 2908 judicabunt,
999 2805 1072 2878 tam
1095 2823 1271 2908 magnum
1294 2821 1406 2912 quam
1421 2805 1601 2908 parvum,
1630 2795 1665 2878 in
1688 2795 1858 2882 omnibus
1878 2795 2030 2883 oninino

402 2910 497 2998 locis
518 2823 618 2996 dicte
638 2908 733 3012 viiie,
754 2924 791 2994 et
811 2911 921 2995 etiam
942 2911 1065 2995 inviis
1085 2903 1243 3029 publicis
1263 2940 1311 2996 ac
1331 2911 1481 3024 semitis,
1503 2911 1564 2997 vel
1583 2913 1654 2998 viis
1674 2913 1839 3029 privatis,
1860 2913 2031 3002 volentes

401 3029 522 3145 ipsam
553 3026 796 3115 hereditatem
830 3041 867 3112 et
896 3025 1125 3131 habitatores
1157 3027 1239 3144 ejus
1274 3029 1310 3113 iu
1340 3027 1509 3116 libertate
1546 3029 1750 3116 tewtonica
1779 3031 1828 3116 ab
1859 3031 2032 3124 omnihus

395 3145 543 3348 p‘uribus
565 3159 601 3230 et
622 3143 876 3230 solucionibus
895 3173 943 3229 ac
963 3147 1131 3234 serviciis
1153 3177 1241 3233 esse
1261 3176 1412 3261 semper
1433 3148 1593 3264 quietam
1614 3159 1894 3265 etexemptam,
1924 3149 2032 3236 vido·

416 3265 507 3350 ioet:
538 3272 742 3375 apreood,
773 3290 950 3376 apoooz,
966 3268 1094 3364 cr'ooz,
1107 3272 1299 3376 podoodu,
1319 3269 1440 3362 uthrot,
1463 3283 1630 3364 uostooa,
1651 3271 1819 3364 ocsut'zu,
1851 3269 1874 3353 a
1895 3298 2029 3368 ouras,

400 3399 565 3476 mortue,
587 3387 795 3492 porodhrc,
819 3387 1023 3492 pooolooe,
1037 3391 1266 3490 podoorooe,
1288 3399 1432 3482 strom,
1465 3411 1488 3468 a
1509 3388 1614 3467 cocat
1619 3437 1631 3477 ,ι
1650 3379 1818 3486 canibus,
1839 3396 2031 3480 castorum
2074 3407 2078 3414 '

401 3498 634 3615 captoribus,
662 3509 703 3582 et
724 3495 772 3581 ab
794 3497 874 3585 abis
888 3498 1035 3614 juribus
1056 3498 1228 3584 omnibus
1249 3501 1330 3592 siue
1351 3499 1523 3615 antiquis,
1544 3501 1623 3584 sive
1644 3498 1788 3590 noviter
1808 3497 2031 3608 adinventis

403 3645 589 3720 avacca,
619 3647 641 3702 a
662 3614 780 3720 bove,
809 3629 846 3701 et
867 3644 891 3701 a
911 3634 1005 3702 stau.
1050 3615 1187 3702 Castra
1205 3621 1245 3703 ‘et
1263 3632 1399 3732 pontes
1420 3646 1495 3703 non
1516 3615 1744 3704 edificabunt
1763 3648 1834 3710 nec
1856 3616 2031 3720 emenda-

401 3732 503 3837 bunt,
524 3762 595 3820 nec
616 3731 724 3816 alicui
737 3730 964 3846 juridictioni
986 3732 1297 3837 Castabonorum
1322 3734 1590 3846 Patauinorum,
1611 3723 1798 3838 dudicum,
1818 3735 2030 3822 officiaiium

402 3865 466 3936 aut
495 3849 809 3952 camerariorum,
847 3878 919 3934 neo
939 3878 1067 3934 eorum
1082 3847 1233 3964 judiciis
1253 3850 1537 3967 subjacebunt,
1557 3879 1629 3936 nec
1650 3851 1699 3936 ad
1721 3880 1789 3938 eos
1810 3853 2030 3956 citabuntur.

402 3963 527 4054 Omne
547 3981 670 4054 autem
685 3966 750 4083 jus
772 3963 913 4052 eisdem
934 3963 1073 4052 Abbati
1094 3981 1131 4056 et
1145 3969 1345 4056 conventui
1366 3969 1579 4056 monasterii
1600 3965 1782 4086 sepedicti
1803 3961 2029 4060 conterimus

402 4085 440 4172 in
459 4084 568 4172 bonis
589 4085 815 4208 memoratis,
837 4083 938 4206 quod
960 4083 1069 4172 nobis
1091 4086 1268 4202 competit
1286 4085 1348 4172 vei
1362 4101 1580 4204 competere
1599 4090 1636 4172 in
1651 4089 1707 4174 eis
1721 4086 1929 4205 videbatur,
1942 4086 2029 4206 jure·

401 4417 483 4487 fluvii
497 4414 626 4502 aiicujus
640 4417 786 4482 victutum
801 4419 939 4484 iumentis
953 4429 1086 4488 ommam
1108 4420 1286 4506 Cujorioose
1299 4421 1468 4509 Vuaegrod
1544 4420 1690 4488 umidam
1705 4423 1761 4500 sit,
1784 4423 1809 4488 ir
1822 4429 1905 4488 certa
1920 4419 2028 4488 onim

401 4503 498 4578 mou,
513 4522 574 4566 non
586 4508 687 4565 outmn
702 4501 809 4564 Bzuro
823 4505 988 4570 esset-*lu
1000 4507 1146 4574 ditionem
1163 4507 1316 4572 Premistoi
1326 4517 1458 4574 castrum
1472 4441 1663 4594 diissogrm
1675 4506 2029 4604 rodiitoommotptiooo

402 4589 552 4652 bonorum
574 4585 766 4672 quorundum
784 4605 857 4649 curn
879 4587 1030 4654 Mestvino
1053 4591 1100 4673 (ot.
1122 4591 1296 4678 bistivogiot
1318 4595 1405 4658 Duce
1427 4593 1627 4659 Pomornuioo
1641 4590 1729 4658 taem.
1765 4593 1888 4678 Doque
1902 4591 1971 4658 ndo
1986 4609 2028 4655 su

402 4669 588 4754 Jobcuyhsoii
602 4669 769 4734 Arabicum
782 4668 1017 4753 theolopr'cuml.
1035 4673 1108 4750 364,
1124 4675 1195 4741 aba.
1797 4716 1815 4733 .·
2081 4745 2084 4754 ,

435 4789 441 4799 ·
504 4754 543 4836 [³]
573 4755 719 4836 mmm
734 4753 800 4819 viba
814 4762 862 4819 est
876 4754 1041 4839 parochias
1056 4759 1231 4826 Wtuconsir
1244 4759 1285 4824 ad
1299 4757 1448 4825 Vitorium
1463 4759 1493 4825 in
1509 4761 1553 4824 Μ.
1566 4757 1691 4826 bacatu
1704 4759 1919 4838 nanentensi,
1942 4757 2029 4826 torri·

401 4839 471 4906 muti
486 4845 519 4903 ot
531 4838 664 4921 regionis
679 4839 911 4924 nidrosiensis„
1375 4879 1383 4889 ι
1479 4891 1482 4899 2
1520 4891 1523 4900 .
1695 4883 1699 4891 ,
1775 4871 1777 4876 ·
1976 4881 1978 4889 ·
