4800 5942
1100 661 1427 780 ſsess-

476 920 693 1027 presentes,
737 917 776 992 et
814 902 865 992 ad
899 901 1120 993 electionem
1154 905 1444 1011 convenientes,
1490 905 1586 994 votis
1627 907 1887 994 communibus
1928 909 2109 1030 eligatur,

326 1119 327 1124 Ν
477 1023 657 1160 quodque
686 1021 903 1110 absencium
935 1021 1131 1112 obstaneia
1162 1023 1296 1111 electio
1327 1053 1403 1112 non
1434 1022 1673 1140 impediaturz
1714 1038 1754 1111 et
1784 1023 1987 1114 decretum·
2006 1030 2110 1120 elec·

476 1142 585 1230 bouis
620 1141 657 1227 in
692 1138 832 1260 Regno
868 1171 1020 1260 semper
1053 1142 1102 1227 sit
1134 1141 1235 1228 iuxta
1270 1142 1584 1246 consuetudines,
1620 1143 1722 1228 eirca
1757 1142 1846 1230 illud
1876 1175 1924 1231 ex
1955 1148 2109 1263 antiquo

466 1265 661 1347 servatos.
715 1257 808 1346 ltem
839 1258 990 1376 quilibet
1020 1258 1248 1376 episcopali,
1280 1259 1487 1378 palatinali,
1524 1259 1829 1379 castellenalique
1859 1261 2040 1380 dignitate
2070 1266 2109 1352 in

476 1378 562 1494 ipso
591 1373 741 1462 Ducatu
773 1377 992 1492 insignitus,
1033 1378 1134 1464 iuxta
1166 1377 1289 1464 locum
1320 1408 1439 1465 suum,
1458 1377 1693 1497 assignatum
1729 1378 1766 1465 in
1798 1377 1974 1497 eligendo
2004 1411 2109 1501 rega,

474 1494 665 1611 perpetuis
696 1495 926 1610 temporibus
956 1494 1097 1581 rotabit
1129 1507 1166 1580 et
1197 1493 1385 1584 consulet:
1416 1493 1531 1582 modo
1563 1508 1600 1580 et
1630 1494 1773 1601 ordine,
1804 1526 1881 1613 quo
1912 1497 2109 1586 consulent

477 1609 677 1725 consiliarij
698 1609 838 1728 Regni.
879 1610 973 1696 ltem
993 1613 1080 1728 quia
1101 1640 1241 1727 eorpus
1264 1611 1456 1729 quodlibet
1475 1611 1686 1699 salubribus
1706 1613 1884 1730 remedijs
1905 1643 2110 1703 conserva·

476 1741 555 1834 tur,
588 1739 625 1812 et
644 1727 841 1843 contrarijs
862 1726 976 1815 rebus
997 1729 1256 1842 prosternitur3
1278 1729 1344 1834 sic,
1366 1743 1441 1816 mm
1463 1731 1498 1816 in
1520 1727 1703 1835 adversis,
1725 1756 1837 1842 quam
1856 1733 1892 1818 in
1912 1734 2110 1850 prosperis

476 1845 611 1949 rebus,
646 1844 842 1956 utrobique
874 1845 1061 1950 communi
1092 1844 1248 1931 consilio
1281 1845 1490 1933 ordinanda
1520 1863 1625 1950 sunt,
1661 1860 1699 1934 et
1729 1850 1915 1936 communi
1945 1850 2122 1938 similiter.

476 1961 613 2049 auxilio
644 1960 878 2068 exercenda,
914 1959 1194 2071 relevandaque
1224 1965 1369 2066 omnia,
1405 1965 1508 2049 circa
1539 1991 1679 2080 eorpus
1710 1979 1747 2050 et
1777 1966 1812 2051 in
1834 1994 1997 2082 corpore
2025 1967 2109 2083 ipso
2207 2071 2211 2080 ¹

477 2080 752 2196 contingenda.
796 2077 886 2165 ltem
908 2079 944 2164 in
962 2077 1133 2166 omnibus
1153 2077 1453 2184 adversitatibus,
1474 2080 1631 2196 auxilijs,
1652 2081 1810 2168 invicem
1831 2111 1902 2170 nos
1917 2085 2110 2194 utriusque

407 2267 410 2276 .
477 2194 627 2312 dormnij
646 2193 787 2283 Prolati
806 2210 844 2283 et
861 2195 1039 2284 Barones
1060 2197 1188 2283 iuvere
1203 2194 1392 2284 debemus
1413 2198 1501 2284 totis
1516 2197 1657 2285 viribus
1679 2212 1717 2285 et
1730 2200 1978 2307 facultatibus,
1999 2215 2111 2316 prout

477 2313 663 2402 communi
684 2312 842 2401 consilio
862 2313 1042 2432 expedire
1062 2313 1264 2402 videbitur:
1296 2343 1482 2432 prospera
1502 2330 1540 2403 et
1558 2313 1722 2403 adversa
1743 2329 1920 2428 tanquam
1941 2347 2109 2406 eommu-
2138 2359 2146 2372 .

325 2493 328 2500 »
475 2432 539 2520 nia
556 2444 785 2550 reputantes.
836 2431 929 2519 ltem
950 2445 1099 2518 moneta
1121 2433 1313 2519 uniformis
1334 2446 1371 2518 et
1391 2433 1534 2543 equalis
1557 2432 1756 2549 ponderis,
1776 2434 1994 2547 utrobique,
2015 2436 2109 2522 siout

476 2565 606 2636 cetera
627 2550 761 2650 omnia,
783 2551 968 2636 communi
989 2551 1146 2637 consilio
1169 2565 1205 2635 et
1226 2579 1386 2636 assensu
1408 2552 1601 2661 utriusque
1624 2550 1785 2667 dominij,
1808 2551 1947 2639 debent
1962 2553 2109 2641 institui.

476 2664 568 2752 ltem
590 2689 823 2774 quecumque
844 2665 991 2770 ledere,
1013 2667 1131 2753 eciam
1147 2668 1368 2783 juramentis
1389 2666 1553 2773 firmata,
1575 2683 1687 2756 autea
1708 2697 1792 2754 curn
1814 2669 2111 2781 quibuscumque

478 2782 587 2886 inita,
608 2779 746 2867 tamdiu
766 2781 1007 2869 observanda
1028 2799 1115 2870 sunt
1133 2813 1202 2901 per
1221 2800 1365 2903 partam
1386 2800 1600 2897 utramque,
1622 2784 1796 2896 quamdiu
1816 2801 1946 2873 contra
1962 2787 2050 2901 jura
2069 2798 2108 2872 et

478 2898 764 2986 commoditates
784 2897 913 3017 Regni
934 2914 970 2987 et
990 2898 1125 3020 Magni
1146 2901 1317 2996 Ducatus
1337 2899 1568 3008 Litbwanie,
1598 2903 1649 2989 nil
1668 2901 1852 2990 excedere
1871 2902 2108 2990 uidebuntur.

476 3013 568 3104 ltem
599 3015 752 3128 quilibet
780 3014 905 3104 denuo
936 3019 973 3104 in
1002 3017 1253 3107 consiliarium
1281 3021 1341 3109 vel
1362 3020 1619 3140 dignitarium,
1648 3035 1721 3109 tam
1748 3020 1977 3138 spiritualem
1997 3045 2109 3132 quam

478 3132 689 3221 secularem
719 3149 935 3250 promotus,
972 3151 1139 3224 teneatur
1168 3139 1301 3253 jurare
1334 3138 1439 3254 Regi
1475 3141 1668 3226 Corousto
1704 3139 1864 3226 Potonie
1893 3138 2025 3246 fidem,
2060 3167 2109 3227 ao
2228 3139 2229 3150 '

342 3331 344 3339 .
477 3265 687 3338 mutuarum
715 3251 1005 3368 inscripcionuru
1027 3255 1349 3343 observacionem.
1373 3268 1376 3280 '
1399 3257 1490 3344 ltem
1511 3259 1734 3368 quicumque
1756 3258 2027 3373 capitaneatum
2047 3255 2109 3342 vel

478 3380 644 3454 cestrum
674 3369 711 3455 in
742 3366 1106 3459 administracionem
1136 3401 1159 3460 a
1185 3370 1338 3462 domino
1367 3375 1573 3492 receperit,
1602 3373 1663 3460 ille
1694 3389 1864 3463 teneatur
1890 3371 2109 3490 recipiendo

478 3483 601 3572 iurare
620 3483 745 3606 Regi,
776 3488 937 3576 scilicet:
966 3488 1069 3602 quod
1089 3490 1151 3578 illo
1172 3493 1308 3580 nemini
1329 3491 1457 3596 cedet,
1479 3493 1549 3580 nisi
1568 3492 1671 3612 Regi
1691 3490 1826 3580 Eleoto
1848 3508 1885 3580 et
1904 3491 2109 3580 Coronato.

477 3598 571 3689 ltem
591 3617 631 3690 ut
649 3605 795 3708 omnia,
826 3631 1060 3720 quecumque
1087 3639 1187 3696 nunc
1211 3626 1326 3814 pacta
1353 3611 1488 3699 luerint
1515 3625 1553 3696 et
1571 3611 1774 3715 conclusa,
1805 3611 1996 3745 perpetuis
2017 3623 2109 3696 tem-

478 3717 635 3837 poribus
665 3719 819 3808 lirmiter
848 3736 886 3809 et
905 3725 1160 3812 inviolabiliter
1186 3756 1210 3813 o
1237 3743 1454 3815 serventur:
1480 3729 1701 3845 juramentis
1732 3744 1770 3816 et
1798 3727 2110 3844 inscripcionibus

480 3836 692 3942 linnentur,
728 3864 797 3953 per
826 3838 998 3956 singulos
1034 3843 1270 3931 consiliarios
1299 3845 1394 3933 illius
1429 3846 1598 3932 Ducetus
1628 3861 1741 3956 atque
1770 3844 1954 3948 barones,
1990 3853 2030 3928 et
2060 3871 2109 3930 ex

479 3955 669 4044 nobilitate
698 3955 921 4072 precipuos;
953 3954 1116 4066 illudque
1145 3961 1390 4048 iuramentum
1420 3963 1469 4047 ab
1498 3963 1570 4047 illis
1599 3963 1784 4072 requisitis
1810 3961 1894 4063 liat,
1925 3958 2108 4067 quociens

480 4072 697 4190 expedierit
742 4072 833 4160 ltem
854 4073 916 4183 qui
937 4085 1072 4162 etatem
1093 4073 1337 4164 discrecionis
1357 4077 1556 4198 attigerint,
1577 4080 1624 4187 (si
1644 4076 1790 4166 nomine
1809 4073 2110 4164 consiliariorum

481 4187 608 4306 Regni
627 4218 697 4307 pro
717 4190 926 4278 iuramento
946 4189 1123 4280 admoniti
1143 4193 1300 4305 luerint),
1319 4193 1407 4282 illud
1423 4209 1594 4312 prestare
1610 4206 1814 4284 teneantur.
1844 4191 1938 4280 ltem
1958 4191 2109 4280 Domini

482 4303 740 4411 Serenissimi,
771 4307 920 4396 Domini
939 4307 1073 4428 Magni
1094 4310 1213 4398 Ducis
1232 4309 1442 4400 bitbwanie
1462 4325 1634 4401 oratores
1662 4328 1700 4398 et
1719 4311 1918 4427 consiliarij
1940 4310 1999 4396 bic
2019 4336 2109 4426 pre·

483 4436 622 4528 sentos,
642 4423 814 4513 iurabant
834 4440 872 4513 et
889 4429 1115 4545 promittent,
1136 4451 1255 4541 seque
1271 4430 1438 4549 obligent
1452 4430 1553 4542 piet:
1574 4430 1697 4519 omnia
1718 4443 1831 4545 pacta
1852 4457 2017 4531 servare,
2038 4425 2109 4514 srdr

481 4538 557 4626 bde
578 4552 617 4627 et
635 4539 802 4650 bonore;
834 4556 872 4630 et
890 4543 1033 4631 dabunt
1061 4546 1331 4663 inscripciones
1361 4549 1432 4636 sub
1463 4550 1641 4666 appensis
1695 4549 1703 4564 '
1736 4545 1803 4635 'llis
1834 4545 1886 4634 ad
1913 4543 2112 4662 presencia

482 4673 606 4858 pacto,
627 4683 702 4770 que
717 4659 788 4747 sub
804 4671 974 4776 tempore
994 4691 1063 4779 per
1079 4663 1278 4756 universos
1297 4665 1484 4771 Prolatos,
1503 4576 1868 4773 Beronesilitobtes
1888 4677 1927 4749 et
1947 4662 2111 4750 Boiaros

517 4774 692 4864 itbwonie
710 4777 972 4886 sumebantur,
1004 4779 1136 4886 literis,
1165 4781 1296 4902 sigillis
1316 4797 1354 4871 et
1367 4785 1590 4900 juramentis
1610 4781 1803 4874 cavendo:
1833 4784 1923 4894 quia
1940 4777 2112 4870 lllustris-
