4780 5922
1020 809 1064 824 -
1125 769 1293 846 llb-

343 970 587 1062 denoriorum
612 982 654 1056 et
669 983 821 1058 monete
851 969 1131 1078 Thonrneosi's3
1147 973 1318 1079 uolens,
1347 971 1449 1094 quod
1479 974 1637 1092 predioti
1666 975 1973 1082 Abbus,'-Pn‘or‚
2123 1028 2126 1037 ·

341 1103 553 1182 eonventus
594 1102 631 1175 et
660 1088 925 1184 monesterium
946 1087 1118 1179 .eundem
1147 1089 1390 1180 hereditatem
1421 1093 1637 1180 cumomni
1666 1095 1906 1212 proprietatis
1937 1107 1975 1182 et

341 1207 493 1297 dominii
509 1210 597 1324 jure
615 1235 665 1294 uo
683 1205 857 1296 omnibus
887 1206 1122 1316 utilitatibus,
1151 1209 1304 1316 usibus,
1335 1209 1538 1318 hostibus,
1567 1211 1743 1328 pascuis,
1770 1207 1975 1318 mellifioiis,

340 1325 579 1430 nemoribus,
610 1325 802 1443 virgultis,
832 1324 1051 1442 petridibus,
1079 1329 1191 1446 aquis
1212 1343 1250 1414 et
1269 1330 1387 1445 protis
1407 1327 1666 1445 adjacentibus
1686 1359 1759 1446 que
1778 1330 1974 1448 wlgariter

342 1447 441 1530 Zeto
459 1445 713 1554 nmninantur,
746 1460 784 1532 et
804 1444 1030 1562 quibuslibet
1059 1444 1153 1533 aliis.
1169 1447 1410 1562 pertinenoiis
1430 1447 1531 1553 sris,
1560 1448 1654 1534 iolra
1675 1447 1854 1535 terminos
1871 1445 1973 1534 dieto

340 1560 559 1660 hereditatis
580 1564 786 1669 eontentis,
810 1564 898 1679 jure
917 1562 1146 1650 hereditario
1165 1564 1310 1655 habere
1333 1581 1370 1653 et
1390 1580 1518 1654 tmere
1539 1559 1770 1666 debeautao
1789 1577 1973 1681 perpetuo

369 1678 552 1768 assidere.
603 1679 815 1769 Adioiendo
846 1680 1072 1800 specialiter,
1121 1682 1211 1770 'uod
1242 1683 1364 1772 nullus
1395 1713 1444 1770 un
1499 1713 1560 1770 am
1592 1681 1973 1802 consanguineorum

390 1796 523 1885 redunt
542 1825 592 1884 uo
612 1801 880 1886 suceessorum
905 1799 1073 1917 ejtrsdem
1151 1799 1308 1888 lodimiri
1328 1803 1449 1919 ipsam
1496 1799 1710 1890 ereditatem
1731 1799 1853 1918 possit
1871 1798 1973 1887 redi·
2027 1864 2034 1874 .
2071 1861 2077 1899 ,

340 1939 462 2020 ΜΘ,
493 1915 653 2004 liberare
670 1930 737 2016 aut.
755 1945 901 2024 emere,
924 1941 1044 2037 uuum
1064 1918 1202 2006 nullum
1218 1922 1283 2036 jus
1303 1921 1339 2006 in
1361 1918 1567 2007 hereditate
1588 1919 1687 2006 diota
1708 1921 1764 2005 eis
1783 1916 1971 2036 competit
2063 1914 2081 2027 ,l

340 2029 424 2120 Nos
444 2034 556 2152 igitur
576 2035 742 2152 ipsorum
762 2034 959 2123 Vlodimiri
980 2036 1258 2142 vendibilium,
1279 2052 1318 2126 ot
1337 2038 1508 2146 Abbatis,
1528 2038 1674 2126 Prioris
1695 2065 1743 2124 ae
1762 2049 1973 2124 conventus

339 2149 576 2268 emptionem
608 2168 713 2242 ratos
743 2168 781 2240 et
799 2167 933 2273 gratas
962 2152 1168 2261 hebentes,
1198 2183 1269 2243 ens
1289 2170 1421 2246 tenore
1439 2157 1678 2273 presencium
1694 2153 1972 2273 ¹approbamus.

341 2268 403 2356 nt
432 2267 547 2390 quom
578 2266 822 2359 hereditatem
852 2272 1026 2366 videlieet
1060 2273 1309 2360 ibtobo'snrs
1328 2301 1397 2362 seu
1418 2273 1609 2362 hereditas
1629 2302 1703 2393 que
1722 2267 1971 2385 Soym'ere(⁶)

338 2401 517 2494 vorsum,
548 2390 750 2510 antiquitus
780 2389 1009 2504 pertinebat,
1038 2388 1129 2476 dieti
1155 2389 1293 2509 Abbos
1314 2404 1353 2477 at
1370 2387 1582 2483 eonventus
1602 2419 1651 2478 nu
1680 2419 1723 2476 er
1740 2401 1829 2475 aitte
1845 2416 1972 2475 annos

339 2499 493 2624 aliquot
512 2507 688 2594 uidelicet
698 2503 802 2596 muno
816 2507 957 2594 donini
976 2504 1035 2593 lll⁰
1050 2507 1169 2596 CCC⁰
1184 2506 1368 2615 semtudo,
1388 2514 1499 2596 serito
1520 2419 1716 2594 Kalendas
1734 2503 1972 2622 Septembris
2110 2615 2117 2627 Ι

257 2702 264 2714 .
338 2623 446 2712 simili
467 2624 584 2739 tytulo
605 2626 830 2742 supplosis,
855 2624 906 2711 de
926 2639 1058 2712 nostra
1079 2639 1184 2712 oertn
1204 2625 1371 2736 selencia
1391 2638 1430 2710 et
1447 2625 1719 2730 benivolencia,
1740 2623 1811 2712 sibi
1830 2651 1879 2709 ao
1899 2651 1971 2710 suo
2211 2709 2217 2718 ,

338 2741 569 2830 monasterio
601 2771 672 2860 pro
703 2743 855 2862 triginta
885 2741 1024 2829 mareis
1053 2743 1196 2830 usualis
1227 2756 1376 2830 monete
1407 2755 1674 2859 compararunt
1707 2769 1732 2827 s
1760 2739 1971 2828 Vlodimiro

337 2858 510 2973 predicto
541 2872 579 2946 et
603 2858 653 2946 ab
683 2861 770 2950 avio
801 2888 892 2966 suo,
929 2861 991 2978 qui
1020 2856 1071 2946 ad
1099 2858 1203 2946 hano
1231 2871 1373 2948 sortem
1405 2889 1473 2948 seu
1505 2858 1769 2963 hereditatem,
1799 2854 1973 2946 videlieet
2028 2894 2032 2902 ’
2151 2901 2160 2965 p

337 2978 621 3096 sopiendus
642 2977 783 3068 habero
804 2976 1108 3082 dinoscebantur,
1129 2989 1168 3064 et
1186 2975 1308 3066 nulus
1329 2978 1442 3081 alius,
1469 2977 1559 3064 lieet
1579 2975 1729 3113 rpridsm
1749 2973 1972 3096 Boguslaus
2055 2915 2069 3051 l
2158 2970 2163 2985 '

164 3141 172 3152 ·
338 3090 462 3180 dietus
481 3093 541 3216 ¹tle
570 3087 848 3207 Nyoeseino(⁰)
865 3095 1185 3212 ⁴consanguineus
1213 3091 1383 3211 ejusdem
1416 3087 1610 3182 Vlodimirt
1641 3091 1803 3197 diceret,
1838 3122 1883 3180 se
1905 3096 1972 3212 jus
2091 3107 2126 3138 ¹·

337 3207 483 3321 habere¹
501 3213 546 3316 ‚in
566 3212 701 3300 ead‘em
728 3227 833 3301 sorte
859 3241 929 3300 seu
957 3211 1165 3300 hereditate
1191 3218 1392 3326 Soynieze,
1416 3225 1549 3300 ‘tamen
1568 3209 1669 3299 bona
1688 3207 1881 3298 voluntate
1902 3238 1971 3296 sua

337 3327 485 3437 oessit,
504 3329 575 3418 suo
607 3329 844 3420 etheredum
865 3359 1040 3438 suorum,
1070 3359 1118 3418 ue
1139 3333 1352 3419 ceterorum
1384 3333 1589 3419 amicorum
1620 3357 1774 3418 suorum
1803 3328 1969 3431 nomine,

336 3460 488 3534 osorte
514 3478 582 3536 seu
609 3447 823 3538 hereditate
845 3447 1017 3567 predicta
1046 3447 1220 3542 videlieet
1250 3453 1431 3561 Svynz'eze
1457 3447 1683 3534 renuncians
1711 3447 1811 3532 omni
1829 3445 1906 3578 juri
1933 3456 1971 3529 et

336 3559 580 3678 impetitioni,
612 3597 689 3683 mio
719 3597 819 3656 nuno
849 3568 953 3660 etin
970 3577 1168 3683 postqum
1192 3566 1262 3652 trut
1288 3579 1440 3681 posset,
1469 3565 1672 3682 resignans
1702 3577 1739 3656 et
1763 3589 1970 3770 assignans

256 3707 259 3716 ’
337 3704 422 3796 eum
452 3682 624 3776 omuibus
645 3683 936 3792 utilitatibuset
987 3679 1205 3792 roveubbus
1235 3709 1371 3786 eoram·
1396 3681 1507 3775 nobis
1524 3709 1613 3770 uno
1643 3709 1728 3785 num
1759 3677 1834 3770 Vlo
1855 3679 1969 3784 ,imno

336 3797 531 3918 sepedicto
551 3803 909 3910 arconneso,
930 3713 1069 3892 Abbati
1085 3801 1346 3922 ‚eteonuentui
1366 3799 1614 3922 supradietis;
1640 3797 1742 3919 quod
1761 3798 1968 3917 inpresen-

336 3919 686 4039 tibusprofitemur:
720 3936 757 4010 ot
777 3915 827 4013 nd
839 3919 1114 4037 prelibatorum
1140 3919 1303 4010 Abbatis
1331 3933 1368 4008 et
1386 3934 1596 4016 conventus
1615 3917 1794 4007 devomm
1808 3915 1968 4034 peticio·
2120 3941 2125 3950 ·

336 4071 441 4145 uem,
468 4037 644 4156 predicte·
669 4040 782 4146 sortis
798 4038 892 4146 sive
916 4037 1161 4152 hereditatis,
1182 4068 1257 4158 qua
1284 4043 1468 4152 Soyot'eze
1494 4037 1646 4142 dieitur,
1676 4034 1910 4150 emptionem
1930 4043 1970 4120 et
2001 4132 2005 4141 ,
2084 4139 2090 4152 Ι

336 4157 595 4249 vendicionem
613 4205 615 4212 ·
630 4155 703 4274 hijs
732 4157 884 4274 seriptis
911 4155 1099 4248 duximus.
1115 4155 1352 4250 inserendos.
1408 4155 1556 4244 Demus
1585 4152 1704 4242 eoioln
1733 4151 1790 4240 eis
1820 4180 1968 4243 omnem

438 4407 474 4492 (³1
501 4407 636 4496 Sptbrbn
647 4404 729 4477 duae
745 4404 822 4482 alim
840 4403 972 4491 (subque
988 4405 1102 4472 scilieet
1116 4413 1148 4472 et
1160 4407 1249 4490 noun)
1264 4405 1350 4474 villus
1365 4410 1469 4484 mont,
1492 4423 1622 4492 quarum
1637 4401 1748 4470 limites
1762 4408 1964 4470 introeunte

337 4491 370 4563 iu
382 4488 485 4560 tubuln
500 4489 635 4576 ejusdem
651 4487 855 4574 Bpszoviensis
870 4489 1044 4586 monosterii
1060 4490 1130 4555 unni
1149 4491 1230 4556 tuot
1245 4489 1430 4570 designatae,
1453 4485 1581 4554 enodem
1596 4487 1675 4555 inter
1689 4487 1737 4554 Go
1759 4485 1831 4584 elin,
1847 4482 1966 4562 Soitno,

337 4576 533 4658 Wipzowno
548 4573 713 4656 tloleirotlz⁸
728 4580 760 4671 st
773 4570 901 4670 Wteluo
916 4571 999 4636 villus
1014 4574 1105 4672 qussi·
1115 4575 1244 4672 medium
1260 4574 1353 4672 luisse
1367 4571 1515 4648 iudieuntz
1530 4593 1621 4659 mom
1636 4509 1842 4639 tumoohodro
1852 4569 1965 4635 tnustm

337 4661 414 4726 etin
428 4655 681 4761 ludina-loeprnm
696 4657 898 4725 otmtnbubs
911 4656 1122 4756 gopgruphters
1135 4675 1342 4743 quaestions·
1369 4744 1372 4755 Ι
1493 4741 1500 4756 .
1877 4736 1884 4751 ι

439 4744 475 4828 (⁰)
502 4743 703 4831 Mannum
726 4740 1022 4840 pagus-paroehialis
1032 4761 1095 4840 paup
1110 4761 1191 4807 nuno
1226 4741 1376 4809 rortnota·
1398 4741 1539 4809 Priuernas
1561 4735 1966 4839 Querdenuttondsutptns.

336 4826 369 4978 Eu
389 4827 459 4978 iptp
473 4837 583 4896 whom
602 4827 671 4895 totu
690 4827 917 4915 degotbsnns
938 4826 1084 4893 turritum
1104 4758 1239 4922 maliolo
1260 4827 1355 4910 shut,
1376 4825 1407 4892 iu
1428 4826 1476 4893 riu
1496 4823 1617 4912 publius
1639 4821 1796 4907 Biduum
1816 4820 1965 4890 sueton
2077 4861 2080 4868 ,

357 4932 435 4980 uoou
450 4935 489 4986 o.¹
554 4965 559 4974 .
612 4943 616 4957 ·
686 4945 690 4955 ·
1806 4975 1812 4984 ,
