4918 5926
301 1495 312 1598 l
428 1503 587 1592 eosdem
602 1504 864 1593 malefactores
880 1505 1088 1594 secundum
1104 1506 1338 1623 exigenciam
1354 1505 1567 1592 meritorum
1583 1506 1750 1621 ipsorum
1761 1505 1911 1620 justicia
1927 1519 2052 1594 tamen

311 1603 349 1713 t

1114 713 1377 788 -mu-

429 914 619 1031 Lancyoie
634 944 681 1003 ac
698 914 867 1032 Syradie,
889 919 1082 1035 cupientes
1097 914 1200 1033 quod
1217 921 1349 1004 omnes
1363 915 1475 1019 fures,
1496 915 1671 1019 latrones,
1691 914 1889 1023 homicide,
1904 917 2053 1034 periuri,
2191 961 2196 971 ·

430 1033 632 1152 sacrilegij,
651 1033 730 1130 (sic)
751 1062 977 1150 opressores
998 1035 1183 1152 virginum
1204 1047 1241 1120 et
1260 1033 1494 1139 maritarum,
1519 1048 1557 1121 et
1574 1033 1634 1150 alij
1655 1033 1818 1122 universi
1838 1034 2053 1123 malefacto

395 1235 397 1240 ,
426 1181 493 1238 res
516 1181 593 1239 non
614 1150 778 1236 debeant
797 1152 968 1271 gaudere
988 1153 1036 1239 de
1058 1179 1126 1237 sua
1147 1150 1302 1255 malicia,
1324 1164 1361 1237 et
1380 1150 1523 1239 dilectis
1543 1153 1682 1238 nostrie
1702 1151 1846 1240 ciuibus
1865 1152 2051 1242 Kalisien-

323 1265 337 1346 ἰ.
384 1311 387 1316 ·
428 1268 533 1355 sibus
564 1268 674 1354 talem
695 1271 928 1357 contulimus
958 1271 1235 1375 auctoritatem,
1268 1282 1305 1355 et
1324 1270 1495 1356 omnibus
1520 1271 1574 1354 eis
1589 1256 1881 1377 adherentibus,
1911 1269 2052 1358 scilicet

301 1441 304 1478 2
347 1463 351 1478 .,
411 1383 762 1491 Ι,.6ιιοῑι1ιιθιιεί1)ιιε,
785 1386 833 1475 de
853 1386 1013 1504 Pysder,
1035 1418 1082 1475 ac
1102 1389 1285 1474 universis
1305 1387 1387 1502 alijs
1409 1388 1471 1505 qui
1492 1415 1576 1473 cunr
1598 1389 1654 1474 eis
1673 1386 1859 1478 voluerint
1877 1401 1993 1493 stare,
2013 1405 2053 1476 ut

429 1622 625 1741 exigente,
656 1615 1090 1741 habeant'suspendere,
1118 1620 1319 1726 decollare,
1339 1635 1477 1726 rotare,
1497 1623 1678 1727 mutilare,
1699 1651 1870 1710 cremare
1889 1652 1938 1710 ac
1958 1622 2052 1711 alias

426 1768 549 1856 penas
569 1738 754 1859 infligere.
794 1740 846 1828 Et
865 1739 967 1859 quod
989 1742 1092 1828 cives
1112 1740 1228 1826 nostri
1248 1739 1482 1852 Kalisienses
1503 1769 1551 1826 ac
1571 1739 1652 1856 alij,
1682 1739 1850 1858 quicum
1872 1741 1927 1827 eis
1947 1741 2052 1856 volu·

428 1859 524 1944 erint
539 1871 650 1960 stare,
672 1858 835 1945 habeant
849 1858 1110 1976 prolocutores
1126 1885 1218 1944 suos
1234 1888 1303 1974 per
1317 1885 1449 1943 omnes
1464 1857 1632 1944 civitates
1646 1869 1809 1963 nostras,
1825 1859 2052 1973 pertinentes

428 1973 478 2061 ad
499 1974 700 2061 dominium
720 1992 898 2082 nostrum,
919 1977 981 2093 qui
996 1975 1160 2062 habeant
1175 2003 1323 2061 omnem
1338 1976 1594 2062 auctoritatem
1616 1972 1754 2093 agendi
1772 1989 1905 2063 contra
1920 2004 2051 2062 omnes

428 2092 691 2180 malefactores
727 2107 762 2180 et
794 2123 929 2212 penam
961 2091 1171 2211 infligendi,
1207 2090 1413 2179 secundum
1444 2092 1678 2209 exigenciam
1710 2093 1825 2179 meriti
1857 2092 2052 2208 cujuslibet

427 2209 696 2314 malefactoris;
727 2241 799 2298 nec
828 2207 930 2330 apud
951 2209 1213 2326 prolocutores
1236 2212 1317 2325 jam
1348 2209 1471 2296 dictos
1501 2209 1635 2326 aliquis
1666 2209 1825 2326 aliquam
1856 2210 2052 2326 pecuniam

427 2330 489 2418 vel
509 2324 654 2414 solidos
675 2357 743 2414 seu
765 2327 962 2434 denarios,
994 2329 1025 2414 si
1046 2328 1083 2412 in
1104 2325 1151 2413 ali
1179 2355 1228 2413 uo
1250 2355 1319 2412 eos
1340 2324 1480 2414 cadere
1501 2325 1744 2446 contingerit,
1767 2326 1906 2414 audeat
1926 2341 2051 2414 extor-

427 2475 544 2569 quere
563 2441 624 2530 uel
644 2444 840 2561 accipere;
873 2460 910 2531 et
929 2445 1047 2532 eciam
1070 2359 1177 2559 apud
1192 2473 1326 2530 omnes
1346 2459 1498 2564 actores
1519 2446 1582 2560 qui
1602 2443 1739 2531 vellent
1759 2472 1973 2560 proponere
1992 2444 2052 2532 vel

426 2593 497 2686 pro
527 2576 640 2648 onent
655 2563 840 2648 actionem
863 2563 1090 2678 querimonia
1110 2574 1242 2648 contra
1258 2575 1505 2678 quoscunque
1523 2560 1793 2665 malefactores
1814 2561 1920 2648 simili
1935 2560 2069 2649 modo'

427 2593 690 2802 proliibemus,
722 2708 769 2764 ne
791 2677 953 2764 audeant
972 2678 1148 2795 accipere
1175 2679 1371 2794 pecuniam
1387 2679 1562 2795 ,aliquam
1595 2676 1696 2796 apud
1727 2678 1840 2795 ipsos
1891 2677 2052 2792 lnsuper

425 2798 600 2886 volumus
621 2795 907 2881 et‘mandamus·
920 2808 956 2882 et
973 2797 1178 2898 statuimus,
1198 2793 1300 2913 quod
1321 2796 1531 2905 ubicunque
1552 2795 1696 2880 clamor
1715 2823 1830 2912 super
1850 2795 2051 2905 quemlibet

425 2914 703 3002 malefactorem
723 2913 842 3017 fuerit,
862 2911 1021 2999 eundem
1043 2910 1254 3020 detineatis3
1276 2911 1377 3024 quod
1399 2913 1431 2999 si
1452 2942 1527 2999 non
1548 2911 1721 3014 feceritis,
1741 2941 1789 2996 ex
1809 2926 1897 2998 tuno
1917 2926 2051 3000 contra

423 3047 590 3125 nestram
611 3045 736 3118 vestre
758 3031 973 3130 temeritatis
993 3029 1210 3135 audaciam,
1242 3029 1278 3115 in
1299 3041 1475 3141 quantum
1491 3029 1641 3146 justicia
1662 3026 1845 3133 suadebit,
1864 3029 2051 3145 procede·

426 3179 520 3236 mus.
561 3147 610 3233 Et
630 3149 666 3232 in
689 3174 913 3260 quacunque
934 3149 1081 3234 civitate
1100 3147 1160 3234 vel
1181 3149 1266 3234 villa
1288 3147 1419 3260 aliquis
1449 3147 1668 3260 malefactor
1697 3145 1972 3263 proscribetur,
2004 3147 2050 3234 sit

426 3265 710 3383 proscriptioius
744 3295 813 3382 per
845 3277 960 3352 totum
993 3263 1191 3352 dominium
1221 3279 1408 3368 nostrum,
1445 3278 1482 3350 et
1511 3261 1594 3350 talis
1625 3263 1835 3374 ubieunque
1865 3265 2050 3380 capietur,

427 3399 550 3471 utatur
564 3385 649 3498 jure
670 3412 752 3470 suo.
791 3380 843 3468 Et
862 3413 977 3500 super
997 3411 1043 3470 eo
1064 3384 1308 3498 promittimus
1330 3380 1473 3469 civibus
1494 3381 1653 3486 nostris,
1680 3394 1755 3468 tam
1775 3379 2050 3468 Kalisiensibus

426 3525 537 3612 quam
557 3498 639 3615 alijs
662 3500 833 3604 omnibus
853 3531 922 3617 per
942 3514 1058 3588 totum
1079 3498 1279 3590 dominium
1301 3513 1470 3588 nostrum
1487 3497 1705 3604 constitutis,
1724 3497 1904 3586 assistere
1921 3515 2050 3587 oonua

428 3646 561 3726 omnes
591 3619 654 3726 qui
683 3615 821 3703 vellent
849 3647 917 3704 eos
938 3618 1140 3706 molestare
1159 3648 1229 3736 pro
1250 3617 1465 3736 infligendis
1486 3617 1593 3734 penis
1612 3615 1904 3716 malefactorum.
1943 3615 1993 3702 Et
2013 3629 2052 3702 ut

426 3733 596 3854 predicta
627 3733 750 3820 omnia
782 3749 820 3820 et
844 3733 993 3852 singula
1021 3736 1139 3822 robur
1168 3735 1358 3822 obtineant
1377 3749 1557 3852 perpetue
1575 3733 1778 3837 firmitatis,
1808 3733 1845 3819 in
1866 3733 1975 3849 hujus
1995 3734 2050 3818 rei
2171 3829 2175 3837 ¹

425 3852 673 3939 testimonium
741 3865 910 3937 resentes
945 3851 1058 3939 scribi
1087 3853 1270 3968 jussimus
1306 3851 1424 3939 nostri
1459 3854 1491 3940 si
1523 3851 1570 3937 illi
1604 3850 1800 3938 munimine
1835 3849 2048 3938 roboratas.

424 3969 560 4056 Actum
580 3997 680 4055 anno
701 3881 840 4054 domini
868 3967 927 4056 Μο
960 3968 1044 4054 CC⁰
1070 3969 1318 4088 nonagesimo
1339 3997 1453 4057 nono.
1493 3881 1632 4057 batum
1653 3973 1758 4054 rato
1778 3965 1968 4055 dominico
1987 3965 2050 4053 die

424 4087 595 4201 proximo
615 4091 703 4174 ante
723 4085 823 4172 diem
842 4086 1039 4174 nativitatis
1060 4086 1171 4174 beate
1190 4082 1426 4206 virginis(2).

525 4333 562 4483 (²3
588 4332 662 4432 Dies
683 4328 807 4432 feriatos
828 4333 990 4400 nativitatis
1012 4335 1119 4402 beatae
1140 4333 1263 4421 virginii
1285 4334 1404 4404 Mariae
1425 4334 1501 4418 (dics
1522 4333 1636 4402 scibcet
1648 4331 1826 4402 cremonen
1839 4331 2048 4419 Septembris),

423 4437 506 4486 anno
523 4419 537 4483 f
562 4415 615 4497 tta,
629 4417 679 4484 dre
693 4417 803 4485 Marte
817 4417 1034 4486 celebrabatur.
