4912 5924
1113 788 1388 860 „240-

437 995 627 1084 martirum
647 987 863 1097 beaterum,
893 1018 994 1076 anno
1014 987 1153 1076 domini
1173 988 1368 1082 millesimo
1394 989 1645 1075 tricentesimo
1671 992 1953 1123 septuagesimo
1981 1021 2071 1112 sep·
2145 1006 2153 1026 ‘

438 1114 538 1200 timo.
588 1107 831 1198 presentibus
862 1105 920 1194 bis
951 1107 1107 1195 testibus
1141 1107 1322 1210 strenuis,
1353 1105 1538 1193 nobilibus
1563 1105 1652 1192 viris
1684 1104 1861 1194 domims:
1898 1109 2072 1199 Palatino

369 1279 371 1282 ·
438 1229 628 1317 Mozowie
649 1228 798 1313 nomine
820 1225 1006 1332 Cristino,
1038 1225 1237 1314 G'oworko
1257 1223 1473 1311 Vexillilero
1493 1221 1689 1328 Rawensi,
1710 1222 2070 1341 Pijotrlrone·Czer·

438 1350 565 1450 censi,
601 1344 780 1432 Floriano
815 1343 1002 1432 Rawensi
1037 1343 1329 1460 Suppincemis..
1374 1337 1570 1429 Meczslao
1605 1342 1814 1459 Capitaneo
1854 1345 2070 1450 Czernensl

437 1465 555 1551 Petro
587 1462 689 1550 dicto
726 1462 899 1581 Kpiska,
928 1461 1052 1548 Adam
1089 1460 1243 1548 Othone
1273 1459 1477 1548 heredibus
1508 1459 1556 1548 de
1586 1465 1758 1573 Skrzrjn,
1794 1479 1925 1551 nostre
1961 1464 2071 1550 Curie

438 1581 696 1684 iomiliaribuS,
727 1596 764 1668 et
783 1581 866 1696 alijs
886 1610 1000 1697 qoam
1020 1581 1186 1697 plurimis
1205 1577 1281 1664 fide
1302 1577 1439 1697 dignis.
1490 1578 1567 1665 Per
1587 1607 1720 1667 manus
1742 1577 1881 1668 domini
1911 1579 2070 1686 Martini,

441 1699 555 1786 Curio
575 1713 705 1787 nostre
724 1698 1023 1786 Vicecancellarr
1040 1767 1050 1801 ,
1070 1696 1220 1814 plebani
1241 1696 1519 1812 Zbijkoviensis
1533 1711 1568 1783 et
1585 1695 1825 1815 prebendarij
1847 1699 2069 1788 Grodensis.

541 1815 627 1905 Nos
650 1816 800 1936 quidem
819 1816 999 1933 predictis
1019 1729 1251 1902 libertatibus
1272 1828 1309 1901 et
1331 1815 1583 1919 munimentis,
1614 1817 1671 1902 sic
1690 1831 1730 1902 ut
1750 1819 1977 1932 premittitur,
2001 1847 2072 1934 per
2102 1881 2106 1888 -

440 1929 699 2053 supradictum
716 1935 867 2021 fratrem
888 1949 1057 2024 nostrum
1078 1933 1233 2040 datiset
1252 1935 1449 2021 concessis
1470 1935 1557 2045 (sict
1579 1934 1676 2044 sict),
1699 1932 1749 2019 ad
1771 1935 1961 2050 predictas
1983 1935 2071 2052 peti·

441 2056 563 2141 tiones
584 2055 712 2172 sepius
733 2054 876 2170 repetiti
895 2049 1042 2139 Nicolai
1065 2047 1151 2137 dicti
1173 2049 1353 2156 Powela,
1388 2053 1425 2136 in
1452 2081 1655 2169 personam
1678 2052 1794 2168 ipsius'
1814 2054 1932 2142 nnstn'
1951 2053 2071 2140 lidelis

434 2172 480 2258 ‘ct
501 2173 617 2290 ipsios
638 2200 903 2258 successorum
920 2170 1193 2289 legittimorum,
1215 2199 1361 2257 exnunc
1382 2170 1659 2272 confirmamus
1680 2170 1919 2276 ratificamus,
1939 2181 2071 2290 perpe·
2194 2249 2195 2252 γ
2234 2211 2236 2214 ·

443 2303 506 2376 tue
537 2305 576 2376 et
602 2289 637 2376 in
660 2319 758 2376 ewm
786 2288 989 2374 duraturas
1010 2288 1103 2398 (sic).
1153 2287 1195 2373 ln
1217 2289 1324 2405 cujus
1346 2291 1399 2374 rei
1421 2288 1690 2394 testimonium,
1722 2288 1883 2408 sigillum
1903 2305 2070 2378 nostrum

398 2491 400 2499 ,
440 2407 561 2523 majus
583 2405 819 2523 presentibus
841 2419 900 2493 est
918 2436 1139 2524 appensum.
1186 2405 1323 2493 Actum
1344 2417 1381 2490 et
1402 2406 1527 2493 datum
1546 2405 1583 2491 in
1608 2409 1783 2520 Czyrrlco,
1805 2407 1865 2494 die
1886 2407 2072 2495 dominico
2169 2405 2174 2410 ’

469 2527 614 2611 roximo
635 2539 724 2611 ante
742 2525 879 2612 festum
900 2525 1020 2612 sancti
1052 2522 1203 2610 Martini
1234 2524 1466 2611 confessoris
1497 2538 1535 2608 et
1560 2525 1728 2642 episcopi
1749 2525 1956 2613 venerandi
1976 2526 2026 2638 (d.
2046 2535 2070 2612 5

440 2555 702 2749 llovembris),
732 2641 804 2730 sub
835 2670 934 2727 anno
962 2641 1101 2728 domini
1122 2641 1314 2728 millesimo
1336 2641 1705 2764 quadringentesimo
1725 2643 1904 2731 vicesimo
1924 2657 2070 2760 quarto.

326 2784 330 2794 ·
440 2758 686 2846 presentibus
702 2759 791 2847 viris
808 2758 1003 2863 nobilibus,
1020 2756 1191 2846 dominis:
1210 2759 1386 2846 Slawecz
1404 2760 1631 2865 Castellano,
1647 2760 1826 2878 Vigando
1844 2759 2071 2874 Verillilcro,

441 2875 606 2964 Nicolao
631 2875 725 2961 alias
756 2875 906 2962 Gemza.
931 2876 1228 2993 Subcemerarijs
1262 2877 1558 2983 Czernensibus,
1590 2878 1752 2965 Stiborio
1784 2879 2072 2966 Succamerario

442 2993 768 3098 Zaeroczimensi,
799 2991 994 3082 Marsalco
1022 2996 1124 3082 curie
1145 3010 1293 3101 nostre,
1323 2993 1440 3082 Petro
1472 2996 1529 3082 de¹
1551 3001 1721 3110 Sarpslm
1751 2995 1894 3084 herede
1924 3009 1961 3084 et
1990 2995 2072 3112 alijs

472 3144 563 3200 uam·
586 3111 752 3229 plurimis
782 3111 858 3200 lide
883 3112 1008 3232 dignis
1030 3114 1185 3200 testibus
1206 3112 1256 3200 ad
1277 3115 1472 3231 premissa.
1514 3114 1701 3232 Scriptum
1722 3144 1791 3231 per
1812 3144 1944 3201 manus
1964 3112 2072 3202 Pauli

445 3145 492 3317 d.
524 3229 573 3316 de
599 3229 666 3333 Β.,
698 3231 920 3318 Ploczensis
952 3246 989 3317 et
1018 3231 1350 3321 Varscbowiensis
1380 3227 1639 3319 Ecclesiarum
1670 3232 1870 3337 Canonici,
1897 3262 1968 3344 nec
1996 3261 2071 3318 non

445 3346 666 3463 Cancellarij
689 3351 817 3454 nostri,
841 3350 902 3468 qui
922 3351 1112 3466 presentia
1132 3350 1260 3438 babuit
1279 3352 1315 3435 in
1337 3351 1464 3438 causis
1485 3350 1580 3461 (sic).

545 3461 698 3566 Nosita
729 3497 775 3552 ue
803 3467 1068 3588 Sigismundos
1096 3468 1185 3554 Rex
1205 3468 1392 3586 prelatus,
1424 3466 1755 3586 supplicationibus
1775 3499 1845 3585 pro
1866 3484 1971 3586 parte
1993 3467 2072 3555 me-

443 3596 675 3672 moratorum
702 3498 905 3692 blanislei,
927 3585 1088 3672 lllartini
1110 3601 1145 3672 et
1164 3585 1323 3674 loannis
1353 3585 1533 3674 heredum
1554 3584 1603 3673 de
1622 3593 1899 3701 Moenusscwo,
1931 3583 1981 3672 ad
2003 3615 2073 3690 nos

442 3703 648 3821 porrectis,
678 3702 727 3788 uti
742 3706 852 3820 justis
873 3717 911 3790 et
930 3705 1063 3812 rationi
1084 3706 1263 3792 consonis
1283 3705 1452 3824 gratiose
1471 3721 1698 3808 annuentes,
1730 3735 1797 3792 eas
1817 3707 1921 3822 ipsas
1935 3705 2072 3794 literas

365 3825 369 3834 '
444 3819 618 3938 superius
637 3819 811 3928 insertas,
833 3824 870 3908 in
890 3821 1063 3910 omnibus
1084 3852 1212 3910 earum
1233 3823 1517 3928 conditionibus,
1539 3823 1703 3910 articulis
1724 3851 1771 3910 ac
1792 3821 2005 3939 sentencijs,
2024 3822 2072 3909 de

444 3953 547 4028 certa
569 3939 731 4025 sciencie
756 3953 800 4024 et
820 3941 942 4060 gratia
963 3942 1135 4057 speciali,
1166 3942 1304 4027 nostris
1324 3942 1442 4058 regijs
1456 3939 1761 4045 confirmandas,
1792 3939 2072 4058 approbandas,

378 4081 384 4088 ·
443 4057 699 4145 ratillicandas
720 4056 911 4163 duximus,
944 4059 1224 4162 confirmamus,
1248 4059 1515 4176 approbamus,
1537 4059 1773 4166 ratificamus,
1794 4073 1832 4144 et
1844 4061 2072 4154 innovamus
2125 4117 2128 4122 ι
2220 4150 2226 4160 ,

446 4177 683 4289 presentibus
714 4189 785 4262 etc.
841 4174 986 4264 Harum
1018 4177 1227 4265 testimonio
1259 4190 1329 4266 etc.
1386 4179 1523 4266 Actum
1554 4191 1592 4264 et
1621 4175 1746 4263 datum
1782 4181 1991 4275 Crocoor'e,
2012 4175 2073 4263 die

447 4291 635 4381 dominico
656 4310 742 4380 ante
763 4297 894 4382 lestum
926 4293 1135 4382 Natiuitatis
1167 4295 1302 4382 Christi
1322 4297 1494 4414 proximo
1527 4295 1575 4408 (d.
1607 4303 1660 4386 23
1688 4295 1940 4406 Decembris),
1971 4321 2072 4380 anno

446 4410 614 4524 ejusdem
651 4411 851 4502 millesimo
879 4413 1177 4533 quingentesimo
1213 4415 1408 4534 trigesimo
1443 4417 1612 4533 septimo.
1668 4411 1796 4534 Regni
1831 4443 1922 4506 vero
1954 4413 2072 4500 nostri

448 4553 548 4614 anno
568 4529 710 4617 XXXl.
751 4529 996 4619 Prosentibus
1018 4547 1105 4619 etc:
2002 4569 2004 4572 ·
