4778 5952
1065 711 1388 823 l-seo-

439 912 703 1049 pienitudinem
732 911 981 1002 voluissemus
1012 910 1191 1028 experiri,
1227 911 1265 996 in
1295 909 1460 998 crastino
1488 908 1775 1026 Assumpciouis
1805 909 1917 1002 beate
1945 911 2068 1004 Merie

437 1032 596 1152 uirginis
616 1032 653 1116 in
672 1028 936 1118 Nouociuitote
955 1027 1050 1114 elius
1076 1034 1261 1128 Korozie,
1292 1025 1428 1114 deinde
1449 1025 1498 1114 ed
1522 1026 1756 1140 Colloqoium
1776 1029 1959 1148 generate
1978 1047 2069 1148 post

437 1149 571 1237 festum
600 1148 728 1237 Sancti
748 1142 946 1234 Micb‘eelis
966 1144 1198 1263 Archangeli
1217 1143 1428 1233 immediate
1450 1169 1616 1254 sequens
1638 1150 1818 1235 cracem
1838 1148 2066 1239 celebratum

437 1265 610 1361 duximus
630 1262 916 1368 deuotuendem,
929 1263 1116 1362 ‚termines
1136 1263 1228 1378 ipsis
1241 1261 1426 1380 juridicos
1446 1264 1614 1374 utrisque
1633 1264 1802 1380 pertibus
1823 1265 1960 1355 ibidem
1980 1297 2066 1384 pre·-

438 1380 621 1502 figentes3
653 1397 701 1468 ed
731 1381 880 1470 demum
902 1413 951 1472 ne
970 1382 1064 1497 perti
1085 1378 1267 1485 eduerse,
1288 1379 1471 1468 ¹uidelicet
1500 1378 1585 1469 duci
1615 1381 1835 1472 Semouitbo
1863 1383 2066 1488 antedicto,

435 1513 590 1618 propter
608 1498 693 1596 ,loci
724 1498 964 1600 distenoiem,
995 1495 1236 1614 preiudioium
1261 1497 1416 1586 euobis
1443 1497 1523 1584 fieri
1550 1499 1669 1586 visum
1689 1499 1839 1606 fuisset,
1871 1503 2067 1612 eciernque

435 1645 645 1704 consonum
671 1629 709 1701 et
728 1615 957 1734 condignum
979 1628 1108 1705 nostre
1128 1616 1302 1734 apperuit
1321 1615 1473 1718 recioni,
1501 1630 1551 1720 ut,
1565 1615 1642 1704 ubi
1655 1628 1774 1705 oense
1794 1617 1969 1711 inoboete
1989 1620 2066 1726 sut,

437 1733 573 1824 ibidem
595 1732 726 1830 debuit,
742 1734 826 1845 (sic)
847 1749 884 1820 et
902 1732 1015 1834 finiri,
1053 1736 1247 1818 terminum
1268 1733 1323 1820 eis
1344 1734 1521 1848 s'epe‘fetis
1542 1734 1709 1844 utrisque
1728 1734 1896 1852 pertibus
1916 1765 2065 1852 perem-

436 1853 596 1970 ptorium
622 1867 660 1938 et
680 1853 843 1938 obituum
864 1851 1155 1968 essigneuimus,
1179 1864 1314 1962 quarte
1335 1848 1554 1940 diedomini
1574 1850 1903 1971 Regis'Llonpicie
1922 1852 2065 1940 felicem

435 1987 523 2088 post
550 1971 776 2085 ingressum·
826 1967 1002 2057 Termino
1037 1995 1127 2054 vero
1158 1966 1368 2057 huiusmodi
1390 1967 1591 2058 antedictis,
1612 1970 1780 2080 utrisque
1808 1969 1976 2088 pertibus
1996 2001 2066 2088 per

435 2097 510 2177 nos
525 2085 672 2204 presure
693 2085 828 2174 ibidem
850 2092 1035 2181 Ltorcor'cr'e
1055 2101 1095 2182 ut
1113 2087 1297 2202 prefertur
1316 2088 1505 2189 veniente,
1532 2088 1594 2172 ubi
1614 2086 1808 2174 multitudo
1829 2086 2065 2180 dominorum

384 2269 391 2282 .
435 2204 693 2308 Preietorum‚
724 2201 917 2290 Beronum
950 2218 987 2289 et
1016 2202 1308 2321 Digniteriorum
1333 2216 1409 2290 tem
1440 2202 1568 2337 Regni
1593 2204 1771 2309 Polonie,
1802 2232 1916 2317 quem
1945 2207 2063 2294 eciem

433 2321 606 2409 Bucetus
626 2318 881 2407 Mezouiensis
899 2321 1093 2407 nobiscum
1104 2319 1247 2437 judicio
1263 2320 1491 2436 presidcbet,
1512 2319 1767 2428 mtelieximus,
1788 2323 1890 2435 quod
1910 2323 2064 2410 meterie

433 2439 639 2554 questionis
675 2440 838 2524 infecto
875 2438 958 2523 viiie
994 2434 1161 2556 predicte
1190 2437 1239 2524 ed
1271 2437 1530 2524 timitecionem
1558 2439 1809 2556 granicierum
1841 2443 1992 2528 omnino
2021 2470 2063 2528 se

434 2556 620 2660 extendit3
646 2556 823 2671 sepefetis
844 2557 1012 2672 pertibus
1034 2558 1200 2666 utrisque
1219 2557 1315 2640 inter
1334 2555 1513 2673 Regnum
1534 2554 1693 2643 Polonie
1714 2571 1751 2643 et
1769 2557 1956 2646 Bucetum
1977 2557 2063 2644 Me-

434 2674 650 2760 zouiensem
671 2671 860 2786 predicte,
892 2673 1142 2788 grenicierum
1162 2672 1421 2758 limitecionem
1443 2703 1526 2757 curn
1548 2672 1840 2788 probecionibus
1873 2676 2064 2761 consuetis

434 2791 529 2877 dere
544 2786 791 2894 decreuimus,
807 2788 964 2892 oonsilio
980 2786 1214 2892 dominorum
1230 2787 1546 2905 durisperitorum,
1567 2789 1801 2877 Preietorum
1815 2805 1853 2892 et
1868 2789 2063 2876 Beronum

283 2943 289 2954 ·
433 2918 687 3024 pretectorum
718 2905 917 2992 mediante.
973 2902 1061 3019 lpse
1092 2906 1188 2990 enim
1218 2903 1392 2992 dominus
1425 2906 1512 2991 Bux
1542 2905 1779 2993 Semouitbus
1811 2936 1880 3025 pro
1910 2923 1994 2997 reto
2025 2923 2064 2995 et

482 3038 545 3109 eto
565 3019 777 3108 huiusmodi
798 3038 967 3110 nostrum
988 3020 1179 3108 decretum
1199 3019 1515 3129 heberenolens,
1539 3025 1690 3140 jurique
1710 3024 1867 3112 obedire
1886 3053 2063 3130 renuens,

462 3173 483 3225 e
497 3138 641 3256 judicio
663 3138 982 3228 contumecietiter
1001 3139 1160 3227 recessit
1180 3139 1228 3226 eb
1245 3137 1390 3226 eode'rn.
1422 3139 1506 3228 Nos
1526 3170 1617 3227 vero
1639 3143 1733 3229 ultre
1756 3141 2062 3230 consuetudinem

437 3275 539 3344 terre
561 3271 599 3341 et
613 3257 778 3372 judicum
794 3263 900 3378 jure,
932 3258 1030 3343 ultre
1050 3275 1166 3375 quem·
1181 3273 1341 3374 oportet,
1372 3260 1502 3375 prime,
1524 3259 1704 3365 secunde,
1725 3262 1842 3346 tercie
1862 3275 1899 3351 et
1918 3274 2061 3379 quarte,

435 3407 484 3465 ex
511 3373 857 3493 superhabundenti
886 3375 971 3464 vice
1001 3378 1226 3463 clementes:
1258 3378 1289 3462 si
1311 3377 1395 3494 quis
1417 3393 1549 3464 contre
1569 3375 1762 3463 ferendam
1791 3394 1957 3465 nostrem
1978 3409 2062 3465 sen-

435 3493 594 3584 tenciern
626 3491 850 3580 dt'cerowtt
878 3493 938 3580 vel
965 3495 1085 3612 ipsern
1107 3521 1290 3612 arguere:
1322 3507 1478 3612 ergoet,
1509 3509 1573 3580 eut
1594 3493 1713 3602 dicar,
1746 3497 1832 3614 quie
1853 3493 2063 3582 huiusmodi

433 3609 663 3698 sentencierir
700 3611 799 3698 ferre
833 3611 1028 3716 volumus,
1070 3641 1228 3728 eemque
1257 3611 1481 3726 judicialiter
1515 3609 1724 3698 declarare.
1754 3723 1757 3730 ῃ
1782 3611 1940 3702 Nemine
1977 3627 2062 3700 tunc

432 3728 735 3831 contradicente,
766 3729 970 3847 predictam
1001 3729 1126 3820 tillem
1156 3735 1341 3814 Dom'now
1374 3759 1457 3814 cum
1490 3729 1659 3817 omnibus
1691 3744 1728 3815 et
1759 3731 1916 3850 singulis
1946 3732 2064 3849 ipsius

435 3845 677 3966 pertinencijs
709 3860 746 3932 et
777 3845 1072 3933 obuencicnibus
1103 3839 1451 3963 uniuersis‚”pieno
1476 3851 1563 3964 jure
1594 3863 1631 3934 et
1661 3847 1845 3954 dominio,
1878 3850 1927 3935 ob
1948 3850 2064 3966 ipsius

434 3963 573 4051 domini
592 3961 711 4050 Ducis
733 3961 938 4049 Semouitbi
956 3963 1115 4080 predicti
1135 3967 1419 4070 contumeciem,
1443 3965 1614 4082 jurisque
1635 3995 1681 4051 eo
1695 3964 1825 4083 judicii
1846 3964 2062 4052 inobedien-

434 4083 549 4185 oiem,
580 4080 831 4168 Serenissimo
862 4079 1028 4198 Principi
1060 4097 1096 4169 et
1120 4079 1271 4169 domino
1303 4080 1453 4168 domino
1485 4077 1697 4169 Wledisleo
1718 4082 1779 4170 dei
1800 4085 1934 4202 grecie
1962 4081 2064 4201 Regi

436 4190 594 4282 Poloriie
621 4212 711 4305 etc,
740 4210 780 4284 ut
807 4199 1026 4318 premittitur
1046 4197 1237 4316 predicto,
1268 4197 1316 4286 de
1337 4198 1493 4287 consitio
1515 4199 1747 4287 dominorum
1768 4199 2006 4289 Preietorum
2028 4215 2064 4285 et

434 4309 630 4399 Beronum
649 4314 923 4430 predictorum,
953 4317 1182 4435 temporibus
1213 4319 1403 4432 perpetuis
1434 4315 1738 4407 ediudiceuimus.
1761 4331 1796 4404 et
1826 4316 2063 4434 presentibus

435 4427 715 4548 adjudicemus3
746 4433 918 4552 Bucique
949 4435 1169 4552 Semouitbo
1195 4435 1363 4552 predicto
1386 4463 1501 4552 super
1522 4435 1731 4522 huiusmodi
1761 4433 1847 4523 ville
1876 4431 2062 4521 Donaboro

435 4563 654 4666 perpetuum
676 4547 867 4637 silencium
888 4552 1138 4667 inposuimus,
1169 4566 1297 4638 nostre
1319 4550 1506 4639 diffinitive
1529 4553 1721 4641 sentencie
1739 4552 1940 4639 mediante.
1964 4549 2062 4637 'He-

435 4695 528 4769 rum,
551 4666 684 4783 quibus
705 4667 866 4784 sigillum
888 4683 1055 4754 nostrum
1077 4663 1282 4787 appensum
1305 4683 1372 4780 est,
1394 4671 1604 4758 testimonio
1625 4671 1839 4758 litterarum.
1870 4669 2064 4757 detumet
2090 4683 2093 4688 ’

438 4779 563 4868 detum
584 4789 779 4898 Ltone‘or'e,
800 4784 891 4870 ferie
914 4790 1046 4902 querte
1067 4787 1238 4904 proxime
1254 4788 1346 4874 infre
1363 4802 1518 4875 octeues
1535 4787 1656 4876 seneli
1674 4787 1858 4876 Jobeonis
1879 4783 2064 4904 Beptiste‚
