<?xml version="1.0" encoding="UTF-8"?>
<!DOCTYPE html PUBLIC "-//W3C//DTD XHTML 1.0 Transitional//EN"
    "http://www.w3.org/TR/xhtml1/DTD/xhtml1-transitional.dtd">
<html xmlns="http://www.w3.org/1999/xhtml" xml:lang="en" lang="en">
 <head>
  <title>
</title>
<meta http-equiv="Content-Type" content="text/html;charset=utf-8" />
  <meta name='ocr-system' content='tesseract 3.04.00' />
  <meta name='ocr-capabilities' content='ocr_page ocr_carea ocr_par ocr_line ocrx_word'/>
</head>
<body>
  <div class='ocr_page' id='page_1' title='image "./codexdiplomatic02bartgoog_0261.png"; bbox 0 0 4780 5922; ppageno 0'>
   <div class='ocr_carea' id='block_1_1' title="bbox 1100 837 1371 912">
    <p class='ocr_par' dir='ltr' id='par_1_1' title="bbox 1100 837 1371 912">
     <span class='ocr_line' id='line_1_1' title="bbox 1100 837 1371 912; baseline -0.007 0"><span class='ocrx_word' id='word_1_1' title='bbox 1100 837 1371 912; x_wconf 79' lang='lat' dir='ltr'>-uto-</span> 
     </span>
    </p>
   </div>
   <div class='ocr_carea' id='block_1_2' title="bbox 423 1035 2049 1273">
    <p class='ocr_par' dir='ltr' id='par_1_2' title="bbox 423 1035 2049 1273">
     <span class='ocr_line' id='line_1_2' title="bbox 423 1035 2049 1156; baseline 0 -32"><span class='ocrx_word' id='word_1_2' title='bbox 423 1037 614 1156; x_wconf 86' lang='lat' dir='ltr'>Dapilero,</span> <span class='ocrx_word' id='word_1_3' title='bbox 648 1037 799 1126; x_wconf 91' lang='lat' dir='ltr'>domino</span> <span class='ocrx_word' id='word_1_4' title='bbox 820 1035 1076 1124; x_wconf 78' lang='lat' dir='ltr'>procuratore</span> <span class='ocrx_word' id='word_1_5' title='bbox 1098 1102 1268 1124; x_wconf 91' lang='grc'><strong>......</strong></span> <span class='ocrx_word' id='word_1_6' title='bbox 1292 1037 1461 1153; x_wconf 88' lang='lat' dir='ltr'>Cuyauie</span> <span class='ocrx_word' id='word_1_7' title='bbox 1482 1038 1580 1126; x_wconf 89' lang='lat' dir='ltr'>dicto</span> <span class='ocrx_word' id='word_1_8' title='bbox 1602 1037 1688 1126; x_wconf 85' lang='lat' dir='ltr'>Run</span> <span class='ocrx_word' id='word_1_9' title='bbox 1693 1105 2049 1126; x_wconf 90' lang='grc'><strong>............</strong></span> 
     </span>
     <span class='ocr_line' id='line_1_3' title="bbox 424 1152 2049 1273; baseline 0.001 -32"><span class='ocrx_word' id='word_1_10' title='bbox 424 1221 594 1241; x_wconf 91' lang='grc'><strong>......</strong></span> <span class='ocrx_word' id='word_1_11' title='bbox 615 1184 685 1270; x_wconf 89' lang='lat' dir='ltr'>per</span> <span class='ocrx_word' id='word_1_12' title='bbox 705 1183 839 1242; x_wconf 90' lang='lat' dir='ltr'>manus</span> <span class='ocrx_word' id='word_1_13' title='bbox 866 1152 1024 1270; x_wconf 88' lang='lat' dir='ltr'>Nicolay</span> <span class='ocrx_word' id='word_1_14' title='bbox 1045 1156 1177 1243; x_wconf 89' lang='lat' dir='ltr'>summi</span> <span class='ocrx_word' id='word_1_15' title='bbox 1198 1157 1331 1272; x_wconf 76' lang='lat' dir='ltr'>notadj</span> <span class='ocrx_word' id='word_1_16' title='bbox 1354 1155 1491 1244; x_wconf 89' lang='lat' dir='ltr'>domini</span> <span class='ocrx_word' id='word_1_17' title='bbox 1512 1154 1620 1245; x_wconf 89' lang='lat' dir='ltr'>ducis</span> <span class='ocrx_word' id='word_1_18' title='bbox 1641 1155 1806 1270; x_wconf 89' lang='lat' dir='ltr'>Cuyauie</span> <span class='ocrx_word' id='word_1_19' title='bbox 1827 1155 1889 1273; x_wconf 86' lang='lat' dir='ltr'>lilij</span> <span class='ocrx_word' id='word_1_20' title='bbox 1912 1225 1920 1241; x_wconf 92' lang='lat'><strong>.</strong></span> <span class='ocrx_word' id='word_1_21' title='bbox 1944 1225 1952 1242; x_wconf 91' lang='lat'><strong>.</strong></span> <span class='ocrx_word' id='word_1_22' title='bbox 1976 1226 1984 1243; x_wconf 91' lang='lat'><strong>.</strong></span> <span class='ocrx_word' id='word_1_23' title='bbox 2009 1225 2016 1240; x_wconf 91' lang='lat'>.</span> <span class='ocrx_word' id='word_1_24' title='bbox 2042 1226 2049 1242; x_wconf 95' lang='lat'>.</span> 
     </span>
    </p>
   </div>
   <div class='ocr_carea' id='block_1_3' title="bbox 1152 1587 1325 1706">
    <p class='ocr_par' dir='ltr' id='par_1_3' title="bbox 1152 1587 1325 1706">
     <span class='ocr_line' id='line_1_4' title="bbox 1152 1587 1325 1706; baseline -0.017 -4"><span class='ocrx_word' id='word_1_25' title='bbox 1152 1587 1325 1706; x_wconf 82' lang='lat' dir='ltr'><strong>CXXV.</strong></span> 
     </span>
    </p>
   </div>
   <div class='ocr_carea' id='block_1_4' title="bbox 514 1857 1950 1970">
    <p class='ocr_par' dir='ltr' id='par_1_4' title="bbox 514 1857 1950 1970">
     <span class='ocr_line' id='line_1_5' title="bbox 514 1857 1950 1970; baseline 0.001 -26"><span class='ocrx_word' id='word_1_26' title='bbox 514 1863 587 1944; x_wconf 78' lang='lat' dir='ltr'>ln</span> <span class='ocrx_word' id='word_1_27' title='bbox 611 1859 752 1944; x_wconf 79' lang='lat' dir='ltr'>otttu</span> <span class='ocrx_word' id='word_1_28' title='bbox 778 1860 1130 1963; x_wconf 64' lang='lat' dir='ltr'>notemucaec,</span> <span class='ocrx_word' id='word_1_29' title='bbox 1158 1857 1317 1944; x_wconf 75' lang='lat' dir='ltr'>omno</span> <span class='ocrx_word' id='word_1_30' title='bbox 1339 1857 1492 1945; x_wconf 70' lang='lat'>1302</span> <span class='ocrx_word' id='word_1_31' title='bbox 1518 1861 1569 1944; x_wconf 80' lang='lat' dir='ltr'>rt.</span> <span class='ocrx_word' id='word_1_32' title='bbox 1596 1858 1666 1944; x_wconf 76' lang='lat'>18</span> <span class='ocrx_word' id='word_1_33' title='bbox 1691 1881 1764 1970; x_wconf 80' lang='lat' dir='ltr'>rm.</span> <span class='ocrx_word' id='word_1_34' title='bbox 1790 1859 1950 1964; x_wconf 67' lang='lat' dir='ltr'>dum.</span> 
     </span>
    </p>
   </div>
   <div class='ocr_carea' id='block_1_5' title="bbox 445 1998 2167 2282">
    <p class='ocr_par' dir='ltr' id='par_1_5' title="bbox 445 1998 2167 2282">
     <span class='ocr_line' id='line_1_6' title="bbox 445 1998 2167 2152; baseline 0.001 -20"><span class='ocrx_word' id='word_1_35' title='bbox 445 2059 720 2132; x_wconf 70' lang='lat' dir='ltr'>vazlmlrue</span> <span class='ocrx_word' id='word_1_36' title='bbox 734 2059 803 2132; x_wconf 78' lang='lat' dir='ltr'>nox</span> <span class='ocrx_word' id='word_1_37' title='bbox 817 2060 962 2133; x_wconf 78' lang='lat' dir='ltr'>toloniao</span> <span class='ocrx_word' id='word_1_38' title='bbox 977 2059 1100 2134; x_wconf 81' lang='lat' dir='ltr'>cuidam</span> <span class='ocrx_word' id='word_1_39' title='bbox 1112 2059 1242 2133; x_wconf 81' lang='lat' dir='ltr'>llonnco</span> <span class='ocrx_word' id='word_1_40' title='bbox 1258 2061 1413 2152; x_wconf 73' lang='lat' dir='ltr'>quondan</span> <span class='ocrx_word' id='word_1_41' title='bbox 1429 1998 1584 2136; x_wconf 74' lang='lat' dir='ltr'>advocato</span> <span class='ocrx_word' id='word_1_42' title='bbox 1600 2059 1639 2134; x_wconf 82' lang='lat' dir='ltr'>de</span> <span class='ocrx_word' id='word_1_43' title='bbox 1653 2060 1782 2136; x_wconf 73' lang='lat' dir='ltr'>werthe</span> <span class='ocrx_word' id='word_1_44' title='bbox 1795 2061 1980 2136; x_wconf 69' lang='lat' dir='ltr'>locutum</span> <span class='ocrx_word' id='word_1_45' title='bbox 1995 2059 2034 2134; x_wconf 83' lang='lat' dir='ltr'>do</span> <span class='ocrx_word' id='word_1_46' title='bbox 2165 2113 2167 2120; x_wconf 79' lang='lat'><em>.</em></span> 
     </span>
     <span class='ocr_line' id='line_1_7' title="bbox 747 2161 1723 2282; baseline 0.001 -50"><span class='ocrx_word' id='word_1_47' title='bbox 747 2177 828 2236; x_wconf 88' lang='lat' dir='ltr'>noro</span> <span class='ocrx_word' id='word_1_48' title='bbox 843 2162 967 2234; x_wconf 80' lang='lat' dir='ltr'>locanti</span> <span class='ocrx_word' id='word_1_49' title='bbox 982 2161 1127 2254; x_wconf 72' lang='lat' dir='ltr'>oppletur</span> <span class='ocrx_word' id='word_1_50' title='bbox 1142 2163 1219 2228; x_wconf 80' lang='lat' dir='ltr'>Koto</span> <span class='ocrx_word' id='word_1_51' title='bbox 1226 2162 1299 2253; x_wconf 75' lang='lat' dir='ltr'>juro</span> <span class='ocrx_word' id='word_1_52' title='bbox 1313 2161 1496 2282; x_wconf 69' lang='lat' dir='ltr'>bernuino</span> <span class='ocrx_word' id='word_1_53' title='bbox 1512 2161 1723 2247; x_wconf 73' lang='lat' dir='ltr'>cornuto).</span> 
     </span>
    </p>
   </div>
   <div class='ocr_carea' id='block_1_6' title="bbox 262 2383 2053 3058">
    <p class='ocr_par' dir='ltr' id='par_1_6' title="bbox 262 2383 2053 3058">
     <span class='ocr_line' id='line_1_8' title="bbox 523 2383 2051 2501; baseline 0 -29"><span class='ocrx_word' id='word_1_54' title='bbox 523 2386 565 2473; x_wconf 95' lang='lat' dir='ltr'>ln</span> <span class='ocrx_word' id='word_1_55' title='bbox 588 2388 735 2472; x_wconf 91' lang='lat' dir='ltr'>nomine</span> <span class='ocrx_word' id='word_1_56' title='bbox 757 2384 906 2486; x_wconf 91' lang='lat' dir='ltr'>domini,</span> <span class='ocrx_word' id='word_1_57' title='bbox 928 2413 1049 2471; x_wconf 89' lang='lat' dir='ltr'>amen.</span> <span class='ocrx_word' id='word_1_58' title='bbox 1085 2383 1148 2470; x_wconf 84' lang='lat' dir='ltr'>Ad</span> <span class='ocrx_word' id='word_1_59' title='bbox 1168 2399 1387 2501; x_wconf 87' lang='lat' dir='ltr'>perpetuam</span> <span class='ocrx_word' id='word_1_60' title='bbox 1405 2384 1458 2470; x_wconf 91' lang='lat' dir='ltr'>rei</span> <span class='ocrx_word' id='word_1_61' title='bbox 1476 2400 1544 2472; x_wconf 90' lang='lat' dir='ltr'>etc.</span> <span class='ocrx_word' id='word_1_62' title='bbox 1580 2383 1747 2471; x_wconf 86' lang='lat' dir='ltr'>Proinde</span> <span class='ocrx_word' id='word_1_63' title='bbox 1763 2383 1834 2472; x_wconf 88' lang='lat' dir='ltr'>nos</span> <span class='ocrx_word' id='word_1_64' title='bbox 1855 2385 2051 2472; x_wconf 84' lang='lat' dir='ltr'>lohannes</span> 
     </span>
     <span class='ocr_line' id='line_1_9' title="bbox 424 2500 2051 2621; baseline -0.002 -29"><span class='ocrx_word' id='word_1_65' title='bbox 424 2503 602 2592; x_wconf 79' lang='lat' dir='ltr'>Albertus</span> <span class='ocrx_word' id='word_1_66' title='bbox 627 2517 698 2589; x_wconf 86' lang='lat' dir='ltr'>etc.</span> <span class='ocrx_word' id='word_1_67' title='bbox 721 2587 725 2594; x_wconf 87' lang='grc'><strong>,</strong></span> <span class='ocrx_word' id='word_1_68' title='bbox 756 2500 1020 2621; x_wconf 86' lang='lat' dir='ltr'>Significamus</span> <span class='ocrx_word' id='word_1_69' title='bbox 1042 2515 1113 2588; x_wconf 89' lang='lat' dir='ltr'>etc.</span> <span class='ocrx_word' id='word_1_70' title='bbox 1166 2500 1371 2615; x_wconf 83' lang='lat' dir='ltr'>Quomodo</span> <span class='ocrx_word' id='word_1_71' title='bbox 1394 2503 1429 2588; x_wconf 88' lang='lat' dir='ltr'>in</span> <span class='ocrx_word' id='word_1_72' title='bbox 1451 2517 1580 2589; x_wconf 89' lang='lat' dir='ltr'>nostra</span> <span class='ocrx_word' id='word_1_73' title='bbox 1602 2517 1638 2588; x_wconf 92' lang='lat' dir='ltr'>et</span> <span class='ocrx_word' id='word_1_74' title='bbox 1660 2502 1966 2590; x_wconf 87' lang='lat' dir='ltr'>Consiliariorum</span> <span class='ocrx_word' id='word_1_75' title='bbox 1985 2533 2051 2589; x_wconf 92' lang='lat' dir='ltr'>no·</span> 
     </span>
     <span class='ocr_line' id='line_1_10' title="bbox 262 2617 2052 2737; baseline -0.001 -29"><span class='ocrx_word' id='word_1_76' title='bbox 262 2677 265 2684; x_wconf 42' lang='lat'><strong>1</strong></span> <span class='ocrx_word' id='word_1_77' title='bbox 422 2635 584 2709; x_wconf 87' lang='lat' dir='ltr'>strorum</span> <span class='ocrx_word' id='word_1_78' title='bbox 606 2620 804 2737; x_wconf 83' lang='lat' dir='ltr'>presencia</span> <span class='ocrx_word' id='word_1_79' title='bbox 826 2619 1012 2706; x_wconf 87' lang='lat' dir='ltr'>constituti</span> <span class='ocrx_word' id='word_1_80' title='bbox 1033 2618 1282 2734; x_wconf 77' lang='lat' dir='ltr'>personaliter</span> <span class='ocrx_word' id='word_1_81' title='bbox 1301 2617 1449 2734; x_wconf 91' lang='lat' dir='ltr'>providi</span> <span class='ocrx_word' id='word_1_82' title='bbox 1479 2618 1667 2707; x_wconf 89' lang='lat' dir='ltr'>Consules</span> <span class='ocrx_word' id='word_1_83' title='bbox 1688 2618 1788 2735; x_wconf 90' lang='lat' dir='ltr'>opidi</span> <span class='ocrx_word' id='word_1_84' title='bbox 1809 2622 1927 2706; x_wconf 83' lang='lat' dir='ltr'>nostri</span> <span class='ocrx_word' id='word_1_85' title='bbox 1952 2625 2052 2721; x_wconf 88' lang='lat' dir='ltr'>Colo,</span> 
     </span>
     <span class='ocr_line' id='line_1_11' title="bbox 314 2734 2052 2856; baseline -0.002 -29"><span class='ocrx_word' id='word_1_86' title='bbox 314 2801 316 2808; x_wconf 68' lang='lat'>,</span> <span class='ocrx_word' id='word_1_87' title='bbox 422 2768 493 2848; x_wconf 83' lang='lat' dir='ltr'>suo</span> <span class='ocrx_word' id='word_1_88' title='bbox 529 2739 726 2856; x_wconf 89' lang='lat' dir='ltr'>tociusque</span> <span class='ocrx_word' id='word_1_89' title='bbox 757 2737 991 2842; x_wconf 77' lang='lat' dir='ltr'>comunitatis</span> <span class='ocrx_word' id='word_1_90' title='bbox 1012 2736 1241 2840; x_wconf 91' lang='lat' dir='ltr'>nominibus,</span> <span class='ocrx_word' id='word_1_91' title='bbox 1272 2734 1518 2823; x_wconf 87' lang='lat' dir='ltr'>exhibuerunt</span> <span class='ocrx_word' id='word_1_92' title='bbox 1538 2765 1666 2822; x_wconf 92' lang='lat' dir='ltr'>coram</span> <span class='ocrx_word' id='word_1_93' title='bbox 1687 2737 1796 2824; x_wconf 93' lang='lat' dir='ltr'>nobis</span> <span class='ocrx_word' id='word_1_94' title='bbox 1817 2737 2052 2856; x_wconf 85' lang='lat' dir='ltr'>privilegium</span> 
     </span>
     <span class='ocr_line' id='line_1_12' title="bbox 423 2852 2053 3058; baseline -0.001 -115"><span class='ocrx_word' id='word_1_95' title='bbox 423 2857 494 2943; x_wconf 93' lang='lat' dir='ltr'>sub</span> <span class='ocrx_word' id='word_1_96' title='bbox 525 2855 628 2944; x_wconf 92' lang='lat' dir='ltr'>titulo</span> <span class='ocrx_word' id='word_1_97' title='bbox 659 2867 697 2940; x_wconf 93' lang='lat' dir='ltr'>et</span> <span class='ocrx_word' id='word_1_98' title='bbox 728 2853 851 2974; x_wconf 88' lang='lat' dir='ltr'>sigillo</span> <span class='ocrx_word' id='word_1_99' title='bbox 880 2852 1101 2972; x_wconf 24' lang='lat' dir='ltr'>Majestatis,</span> <span class='ocrx_word' id='word_1_100' title='bbox 1127 2853 1214 2942; x_wconf 91' lang='lat' dir='ltr'>olim</span> <span class='ocrx_word' id='word_1_101' title='bbox 1245 2853 1484 2941; x_wconf 89' lang='lat' dir='ltr'>Serenissimi</span> <span class='ocrx_word' id='word_1_102' title='bbox 1515 2852 1653 2941; x_wconf 93' lang='lat' dir='ltr'>domini</span> <span class='ocrx_word' id='word_1_103' title='bbox 1683 2853 1871 2973; x_wconf 87' lang='lat' dir='ltr'>Principis</span> <span class='ocrx_word' id='word_1_104' title='bbox 1901 2856 2053 3058; x_wconf 70' lang='lat' dir='ltr'>Antipui</span> 
     </span>
    </p>
   </div>
   <div class='ocr_carea' id='block_1_7' title="bbox 313 2970 2133 4737">
    <p class='ocr_par' dir='ltr' id='par_1_7' title="bbox 313 2970 2133 4737">
     <span class='ocr_line' id='line_1_13' title="bbox 423 2970 2052 3090; baseline -0.001 -28"><span class='ocrx_word' id='word_1_105' title='bbox 423 2970 604 3062; x_wconf 89' lang='lat' dir='ltr'>Kazimiri</span> <span class='ocrx_word' id='word_1_106' title='bbox 641 2970 775 3058; x_wconf 90' lang='lat' dir='ltr'>eadem</span> <span class='ocrx_word' id='word_1_107' title='bbox 807 2973 938 3090; x_wconf 90' lang='lat' dir='ltr'>gracia</span> <span class='ocrx_word' id='word_1_108' title='bbox 970 2971 1129 3058; x_wconf 90' lang='lat' dir='ltr'>Polonie</span> <span class='ocrx_word' id='word_1_109' title='bbox 1159 2970 1283 3090; x_wconf 87' lang='lat' dir='ltr'>Regis</span> <span class='ocrx_word' id='word_1_110' title='bbox 1315 3002 1432 3089; x_wconf 90' lang='lat' dir='ltr'>super</span> <span class='ocrx_word' id='word_1_111' title='bbox 1461 2970 1708 3060; x_wconf 83' lang='lat' dir='ltr'>advocaciam</span> <span class='ocrx_word' id='word_1_112' title='bbox 1729 2970 1866 3058; x_wconf 89' lang='lat' dir='ltr'>ibidem</span> <span class='ocrx_word' id='word_1_113' title='bbox 1886 2973 1923 3058; x_wconf 92' lang='lat' dir='ltr'>in</span> <span class='ocrx_word' id='word_1_114' title='bbox 1944 2971 2001 3059; x_wconf 86' lang='lat' dir='ltr'>Co</span> <span class='ocrx_word' id='word_1_115' title='bbox 2017 3003 2052 3080; x_wconf 95' lang='lat' dir='ltr'>o,</span> 
     </span>
     <span class='ocr_line' id='line_1_14' title="bbox 424 3087 2050 3224; baseline -0.001 -48"><span class='ocrx_word' id='word_1_116' title='bbox 424 3120 536 3210; x_wconf 91' lang='lat' dir='ltr'>quam</span> <span class='ocrx_word' id='word_1_117' title='bbox 572 3087 767 3224; x_wconf 72' lang='lat' dir='ltr'>prehabito</span> <span class='ocrx_word' id='word_1_118' title='bbox 804 3119 994 3177; x_wconf 90' lang='lat' dir='ltr'>consensu</span> <span class='ocrx_word' id='word_1_119' title='bbox 1032 3089 1117 3174; x_wconf 93' lang='lat' dir='ltr'>olim</span> <span class='ocrx_word' id='word_1_120' title='bbox 1159 3089 1398 3174; x_wconf 87' lang='lat' dir='ltr'>Serenissimi</span> <span class='ocrx_word' id='word_1_121' title='bbox 1431 3088 1570 3175; x_wconf 90' lang='lat' dir='ltr'>domini</span> <span class='ocrx_word' id='word_1_122' title='bbox 1606 3088 1785 3175; x_wconf 88' lang='lat' dir='ltr'>Kazimiri</span> <span class='ocrx_word' id='word_1_123' title='bbox 1820 3087 1944 3208; x_wconf 89' lang='lat' dir='ltr'>Regis</span> <span class='ocrx_word' id='word_1_124' title='bbox 1977 3103 2050 3177; x_wconf 89' lang='lat' dir='ltr'>etc.</span> 
     </span>
     <span class='ocr_line' id='line_1_15' title="bbox 381 3205 2051 3325; baseline -0.001 -30"><span class='ocrx_word' id='word_1_125' title='bbox 381 3213 384 3220; x_wconf 84' lang='lat'>&#39;</span> <span class='ocrx_word' id='word_1_126' title='bbox 453 3210 605 3296; x_wconf 84' lang='lat' dir='ltr'>enitorrs</span> <span class='ocrx_word' id='word_1_127' title='bbox 633 3219 671 3292; x_wconf 87' lang='lat' dir='ltr'>et</span> <span class='ocrx_word' id='word_1_128' title='bbox 694 3207 949 3294; x_wconf 90' lang='lat' dir='ltr'>antecessoris</span> <span class='ocrx_word' id='word_1_129' title='bbox 971 3206 1088 3294; x_wconf 92' lang='lat' dir='ltr'>nostri</span> <span class='ocrx_word' id='word_1_130' title='bbox 1110 3207 1312 3311; x_wconf 88' lang='lat' dir='ltr'>carissimi,</span> <span class='ocrx_word' id='word_1_131' title='bbox 1341 3235 1365 3292; x_wconf 91' lang='lat' dir='ltr'>a</span> <span class='ocrx_word' id='word_1_132' title='bbox 1385 3205 1506 3292; x_wconf 90' lang='lat' dir='ltr'>multis</span> <span class='ocrx_word' id='word_1_133' title='bbox 1528 3209 1599 3292; x_wconf 90' lang='lat' dir='ltr'>iam</span> <span class='ocrx_word' id='word_1_134' title='bbox 1621 3206 1728 3293; x_wconf 90' lang='lat' dir='ltr'>annis</span> <span class='ocrx_word' id='word_1_135' title='bbox 1749 3205 1908 3324; x_wconf 82' lang='lat' dir='ltr'>pacifice</span> <span class='ocrx_word' id='word_1_136' title='bbox 1928 3211 2051 3325; x_wconf 91' lang='lat' dir='ltr'>possi-</span> 
     </span>
     <span class='ocr_line' id='line_1_16' title="bbox 422 3237 2051 3442; baseline -0.002 -30"><span class='ocrx_word' id='word_1_137' title='bbox 422 3237 557 3413; x_wconf 78' lang='lat' dir='ltr'>derunt</span> <span class='ocrx_word' id='word_1_138' title='bbox 577 3325 672 3438; x_wconf 89' lang='lat' dir='ltr'>(sic),</span> <span class='ocrx_word' id='word_1_139' title='bbox 702 3324 828 3410; x_wconf 90' lang='lat' dir='ltr'>datum</span> <span class='ocrx_word' id='word_1_140' title='bbox 851 3338 888 3409; x_wconf 93' lang='lat' dir='ltr'>et</span> <span class='ocrx_word' id='word_1_141' title='bbox 909 3353 1144 3428; x_wconf 89' lang='lat' dir='ltr'>concessum,</span> <span class='ocrx_word' id='word_1_142' title='bbox 1166 3323 1432 3441; x_wconf 59' lang='lat' dir='ltr'>supplicantes</span> <span class='ocrx_word' id='word_1_143' title='bbox 1455 3339 1638 3441; x_wconf 90' lang='lat' dir='ltr'>quatenus</span> <span class='ocrx_word' id='word_1_144' title='bbox 1660 3325 1714 3410; x_wconf 89' lang='lat' dir='ltr'>eis</span> <span class='ocrx_word' id='word_1_145' title='bbox 1735 3325 1916 3442; x_wconf 90' lang='lat' dir='ltr'>prelatum</span> <span class='ocrx_word' id='word_1_146' title='bbox 1939 3327 2051 3442; x_wconf 90' lang='lat' dir='ltr'>priui-</span> 
     </span>
     <span class='ocr_line' id='line_1_17' title="bbox 421 3439 2051 3562; baseline 0 -32"><span class='ocrx_word' id='word_1_147' title='bbox 421 3445 559 3562; x_wconf 83' lang='lat' dir='ltr'>legium</span> <span class='ocrx_word' id='word_1_148' title='bbox 592 3441 816 3529; x_wconf 87' lang='lat' dir='ltr'>consrrmare</span> <span class='ocrx_word' id='word_1_149' title='bbox 847 3441 1098 3560; x_wconf 88' lang='lat' dir='ltr'>dignaremur.</span> <span class='ocrx_word' id='word_1_150' title='bbox 1151 3441 1266 3527; x_wconf 90' lang='lat' dir='ltr'>Cuius</span> <span class='ocrx_word' id='word_1_151' title='bbox 1289 3439 1437 3558; x_wconf 89' lang='lat' dir='ltr'>quidem</span> <span class='ocrx_word' id='word_1_152' title='bbox 1459 3441 1643 3560; x_wconf 87' lang='lat' dir='ltr'>privilegii</span> <span class='ocrx_word' id='word_1_153' title='bbox 1665 3454 1771 3527; x_wconf 90' lang='lat' dir='ltr'>tenor</span> <span class='ocrx_word' id='word_1_154' title='bbox 1791 3441 1840 3528; x_wconf 90' lang='lat' dir='ltr'>de</span> <span class='ocrx_word' id='word_1_155' title='bbox 1859 3440 1980 3528; x_wconf 87' lang='lat' dir='ltr'>verbo</span> <span class='ocrx_word' id='word_1_156' title='bbox 2000 3441 2051 3530; x_wconf 93' lang='lat' dir='ltr'>ad</span> 
     </span>
     <span class='ocr_line' id='line_1_18' title="bbox 420 3559 1021 3676; baseline -0.01 -29"><span class='ocrx_word' id='word_1_157' title='bbox 420 3563 575 3648; x_wconf 90' lang='lat' dir='ltr'>verbum</span> <span class='ocrx_word' id='word_1_158' title='bbox 596 3561 763 3676; x_wconf 88' lang='lat' dir='ltr'>sequitur</span> <span class='ocrx_word' id='word_1_159' title='bbox 784 3574 821 3644; x_wconf 89' lang='lat' dir='ltr'>el</span> <span class='ocrx_word' id='word_1_160' title='bbox 841 3570 899 3644; x_wconf 91' lang='lat' dir='ltr'>est</span> <span class='ocrx_word' id='word_1_161' title='bbox 920 3559 1021 3645; x_wconf 91' lang='lat' dir='ltr'>talis:</span> 
     </span>
     <span class='ocr_line' id='line_1_19' title="bbox 523 3671 2050 3796; baseline 0.002 -35"><span class='ocrx_word' id='word_1_162' title='bbox 523 3676 565 3762; x_wconf 95' lang='lat' dir='ltr'>ln</span> <span class='ocrx_word' id='word_1_163' title='bbox 581 3677 735 3766; x_wconf 90' lang='lat' dir='ltr'>nomine</span> <span class='ocrx_word' id='word_1_164' title='bbox 755 3671 913 3780; x_wconf 88' lang='lat' dir='ltr'>domini,</span> <span class='ocrx_word' id='word_1_165' title='bbox 935 3703 1056 3762; x_wconf 89' lang='lat' dir='ltr'>amen.</span> <span class='ocrx_word' id='word_1_166' title='bbox 1108 3673 1169 3763; x_wconf 93' lang='lat' dir='ltr'>Ne</span> <span class='ocrx_word' id='word_1_167' title='bbox 1188 3703 1252 3762; x_wconf 93' lang='lat' dir='ltr'>res</span> <span class='ocrx_word' id='word_1_168' title='bbox 1272 3689 1405 3794; x_wconf 89' lang='lat' dir='ltr'>gestas</span> <span class='ocrx_word' id='word_1_169' title='bbox 1427 3702 1555 3762; x_wconf 87' lang='lat' dir='ltr'>coram</span> <span class='ocrx_word' id='word_1_170' title='bbox 1576 3671 1730 3792; x_wconf 86' lang='lat' dir='ltr'>Regum</span> <span class='ocrx_word' id='word_1_171' title='bbox 1753 3674 2050 3796; x_wconf 81' lang='lat' dir='ltr'>magnificencia,</span> 
     </span>
     <span class='ocr_line' id='line_1_20' title="bbox 313 3793 2052 3913; baseline -0.003 -29"><span class='ocrx_word' id='word_1_172' title='bbox 313 3871 317 3884; x_wconf 93' lang='lat'>.</span> <span class='ocrx_word' id='word_1_173' title='bbox 420 3795 571 3884; x_wconf 87' lang='lat' dir='ltr'>aboleat</span> <span class='ocrx_word' id='word_1_174' title='bbox 591 3823 798 3882; x_wconf 85' lang='lat' dir='ltr'>successus</span> <span class='ocrx_word' id='word_1_175' title='bbox 820 3804 1048 3909; x_wconf 91' lang='lat' dir='ltr'>temporum,</span> <span class='ocrx_word' id='word_1_176' title='bbox 1080 3810 1329 3913; x_wconf 92' lang='lat' dir='ltr'>opportunum</span> <span class='ocrx_word' id='word_1_177' title='bbox 1354 3809 1410 3880; x_wconf 92' lang='lat' dir='ltr'>est</span> <span class='ocrx_word' id='word_1_178' title='bbox 1430 3825 1508 3909; x_wconf 86' lang='lat' dir='ltr'>eas</span> <span class='ocrx_word' id='word_1_179' title='bbox 1539 3793 1731 3910; x_wconf 87' lang='lat' dir='ltr'>scripturis</span> <span class='ocrx_word' id='word_1_180' title='bbox 1765 3796 1983 3900; x_wconf 87' lang='lat' dir='ltr'>autenticis,</span> <span class='ocrx_word' id='word_1_181' title='bbox 2015 3809 2052 3880; x_wconf 90' lang='lat' dir='ltr'>et</span> 
     </span>
     <span class='ocr_line' id='line_1_21' title="bbox 420 3909 2050 4032; baseline -0.002 -32"><span class='ocrx_word' id='word_1_182' title='bbox 420 3913 497 4000; x_wconf 84' lang='lat' dir='ltr'>fide</span> <span class='ocrx_word' id='word_1_183' title='bbox 533 3914 731 4032; x_wconf 89' lang='lat' dir='ltr'>dignorum</span> <span class='ocrx_word' id='word_1_184' title='bbox 768 3911 978 3998; x_wconf 89' lang='lat' dir='ltr'>testimonio</span> <span class='ocrx_word' id='word_1_185' title='bbox 1015 3913 1159 3998; x_wconf 89' lang='lat' dir='ltr'>testium</span> <span class='ocrx_word' id='word_1_186' title='bbox 1196 3909 1246 3997; x_wconf 90' lang='lat' dir='ltr'>ad</span> <span class='ocrx_word' id='word_1_187' title='bbox 1277 3928 1496 4030; x_wconf 90' lang='lat' dir='ltr'>perpetuam</span> <span class='ocrx_word' id='word_1_188' title='bbox 1528 3913 1582 3998; x_wconf 87' lang='lat' dir='ltr'>rei</span> <span class='ocrx_word' id='word_1_189' title='bbox 1613 3914 1829 3999; x_wconf 89' lang='lat' dir='ltr'>memoriam</span> <span class='ocrx_word' id='word_1_190' title='bbox 1866 3913 2050 3999; x_wconf 91' lang='lat' dir='ltr'>roborari.</span> 
     </span>
     <span class='ocr_line' id='line_1_22' title="bbox 421 4027 2049 4150; baseline -0.002 -32"><span class='ocrx_word' id='word_1_191' title='bbox 421 4029 587 4118; x_wconf 86' lang='lat' dir='ltr'>Proinde</span> <span class='ocrx_word' id='word_1_192' title='bbox 624 4027 706 4117; x_wconf 89' lang='lat' dir='ltr'>Nos</span> <span class='ocrx_word' id='word_1_193' title='bbox 742 4029 955 4116; x_wconf 88' lang='lat' dir='ltr'>Kazimirus</span> <span class='ocrx_word' id='word_1_194' title='bbox 991 4029 1051 4116; x_wconf 90' lang='lat' dir='ltr'>dei</span> <span class='ocrx_word' id='word_1_195' title='bbox 1087 4031 1219 4150; x_wconf 79' lang='lat' dir='ltr'>gracia</span> <span class='ocrx_word' id='word_1_196' title='bbox 1250 4042 1320 4116; x_wconf 89' lang='lat' dir='ltr'>etc.</span> <span class='ocrx_word' id='word_1_197' title='bbox 1375 4028 1437 4116; x_wconf 82' lang='lat' dir='ltr'>Ad</span> <span class='ocrx_word' id='word_1_198' title='bbox 1474 4031 1732 4116; x_wconf 90' lang='lat' dir='ltr'>universorum</span> <span class='ocrx_word' id='word_1_199' title='bbox 1756 4030 1945 4116; x_wconf 86' lang='lat' dir='ltr'>¹noticiam</span> <span class='ocrx_word' id='word_1_200' title='bbox 1964 4029 2049 4116; x_wconf 78' lang='lat' dir='ltr'>‘tarn</span> 
     </span>
     <span class='ocr_line' id='line_1_23' title="bbox 421 4145 2050 4268; baseline -0.002 -33"><span class='ocrx_word' id='word_1_201' title='bbox 421 4149 674 4267; x_wconf 90' lang='lat' dir='ltr'>presencium,</span> <span class='ocrx_word' id='word_1_202' title='bbox 723 4178 807 4232; x_wconf 92' lang='lat' dir='ltr'>uam</span> <span class='ocrx_word' id='word_1_203' title='bbox 829 4148 1033 4235; x_wconf 88' lang='lat' dir='ltr'>luturorum</span> <span class='ocrx_word' id='word_1_204' title='bbox 1057 4148 1229 4234; x_wconf 91' lang='lat' dir='ltr'>volomus</span> <span class='ocrx_word' id='word_1_205' title='bbox 1250 4146 1450 4253; x_wconf 87' lang='lat' dir='ltr'>devenire,</span> <span class='ocrx_word' id='word_1_206' title='bbox 1468 4145 1569 4265; x_wconf 89' lang='lat' dir='ltr'>quod</span> <span class='ocrx_word' id='word_1_207' title='bbox 1591 4147 1763 4234; x_wconf 88' lang='lat' dir='ltr'>utilitates</span> <span class='ocrx_word' id='word_1_208' title='bbox 1783 4146 1910 4268; x_wconf 88' lang='lat' dir='ltr'>Regni</span> <span class='ocrx_word' id='word_1_209' title='bbox 1932 4149 2050 4235; x_wconf 90' lang='lat' dir='ltr'>nostri</span> 
     </span>
     <span class='ocr_line' id='line_1_24' title="bbox 420 4180 2049 4384; baseline -0.001 -31"><span class='ocrx_word' id='word_1_210' title='bbox 420 4265 647 4384; x_wconf 88' lang='lat' dir='ltr'>peramplius</span> <span class='ocrx_word' id='word_1_211' title='bbox 669 4180 824 4350; x_wconf 89' lang='lat' dir='ltr'>dilatare</span> <span class='ocrx_word' id='word_1_212' title='bbox 845 4267 1048 4381; x_wconf 88' lang='lat' dir='ltr'>cupientes,</span> <span class='ocrx_word' id='word_1_213' title='bbox 1071 4295 1217 4351; x_wconf 89' lang='lat' dir='ltr'>exnunc</span> <span class='ocrx_word' id='word_1_214' title='bbox 1238 4263 1398 4380; x_wconf 89' lang='lat' dir='ltr'>provido</span> <span class='ocrx_word' id='word_1_215' title='bbox 1420 4262 1700 4368; x_wconf 87' lang='lat' dir='ltr'>viro.Henrico,</span> <span class='ocrx_word' id='word_1_216' title='bbox 1722 4264 1913 4381; x_wconf 88' lang='lat' dir='ltr'>quondam</span> <span class='ocrx_word' id='word_1_217' title='bbox 1929 4263 2049 4352; x_wconf 81' lang='lat' dir='ltr'>advo·</span> 
     </span>
     <span class='ocr_line' id='line_1_25' title="bbox 420 4379 2133 4500; baseline -0.002 -28"><span class='ocrx_word' id='word_1_218' title='bbox 420 4399 506 4472; x_wconf 88' lang='lat' dir='ltr'>cato</span> <span class='ocrx_word' id='word_1_219' title='bbox 527 4383 575 4468; x_wconf 91' lang='lat' dir='ltr'>de</span> <span class='ocrx_word' id='word_1_220' title='bbox 607 4387 765 4481; x_wconf 82' lang='lat' dir='ltr'>Wartba,</span> <span class='ocrx_word' id='word_1_221' title='bbox 788 4394 918 4466; x_wconf 87' lang='lat' dir='ltr'>tenore</span> <span class='ocrx_word' id='word_1_222' title='bbox 938 4383 1175 4497; x_wconf 87' lang='lat' dir='ltr'>presencium</span> <span class='ocrx_word' id='word_1_223' title='bbox 1197 4381 1329 4468; x_wconf 90' lang='lat' dir='ltr'>damus</span> <span class='ocrx_word' id='word_1_224' title='bbox 1352 4393 1389 4466; x_wconf 89' lang='lat' dir='ltr'>et</span> <span class='ocrx_word' id='word_1_225' title='bbox 1410 4379 1651 4492; x_wconf 88' lang='lat' dir='ltr'>concedimus</span> <span class='ocrx_word' id='word_1_226' title='bbox 1672 4381 1821 4498; x_wconf 90' lang='lat' dir='ltr'>plenam</span> <span class='ocrx_word' id='word_1_227' title='bbox 1841 4397 1879 4470; x_wconf 90' lang='lat' dir='ltr'>et</span> <span class='ocrx_word' id='word_1_228' title='bbox 1894 4382 2048 4500; x_wconf 81' lang='lat' dir='ltr'>liberam</span> <span class='ocrx_word' id='word_1_229' title='bbox 2078 4379 2133 4498; x_wconf 60' lang='lat' dir='ltr'>ff</span> 
     </span>
     <span class='ocr_line' id='line_1_26' title="bbox 421 4495 2076 4618; baseline 0 -30"><span class='ocrx_word' id='word_1_230' title='bbox 421 4515 644 4618; x_wconf 90' lang='lat' dir='ltr'>potestatem</span> <span class='ocrx_word' id='word_1_231' title='bbox 675 4495 824 4587; x_wconf 89' lang='lat' dir='ltr'>locandi</span> <span class='ocrx_word' id='word_1_232' title='bbox 855 4496 903 4583; x_wconf 90' lang='lat' dir='ltr'>de</span> <span class='ocrx_word' id='word_1_233' title='bbox 934 4528 1049 4585; x_wconf 89' lang='lat' dir='ltr'>nowo</span> <span class='ocrx_word' id='word_1_234' title='bbox 1081 4499 1265 4584; x_wconf 87' lang='lat' dir='ltr'>ciuitatem</span> <span class='ocrx_word' id='word_1_235' title='bbox 1307 4529 1353 4584; x_wconf 88' lang='lat' dir='ltr'>ex</span> <span class='ocrx_word' id='word_1_236' title='bbox 1388 4495 1474 4586; x_wconf 89' lang='lat' dir='ltr'>villa</span> <span class='ocrx_word' id='word_1_237' title='bbox 1510 4496 1610 4585; x_wconf 87' lang='lat' dir='ltr'>dicta</span> <span class='ocrx_word' id='word_1_238' title='bbox 1649 4503 1736 4586; x_wconf 84' lang='lat' dir='ltr'>Colo</span> <span class='ocrx_word' id='word_1_239' title='bbox 1768 4503 1823 4589; x_wconf 90' lang='lat' dir='ltr'>sic</span> <span class='ocrx_word' id='word_1_240' title='bbox 1853 4497 2076 4618; x_wconf 65' lang='lat' dir='ltr'>wlgariter·³</span> 
     </span>
     <span class='ocr_line' id='line_1_27' title="bbox 422 4612 2048 4737; baseline 0.001 -34"><span class='ocrx_word' id='word_1_241' title='bbox 422 4617 705 4737; x_wconf 89' lang='lat' dir='ltr'>appellandam,</span> <span class='ocrx_word' id='word_1_242' title='bbox 726 4647 811 4704; x_wconf 91' lang='lat' dir='ltr'>curn</span> <span class='ocrx_word' id='word_1_243' title='bbox 832 4612 979 4704; x_wconf 90' lang='lat' dir='ltr'>duabus</span> <span class='ocrx_word' id='word_1_244' title='bbox 1003 4615 1097 4704; x_wconf 86' lang='lat' dir='ltr'>villis</span> <span class='ocrx_word' id='word_1_245' title='bbox 1120 4615 1168 4702; x_wconf 88' lang='lat' dir='ltr'>ad</span> <span class='ocrx_word' id='word_1_246' title='bbox 1191 4615 1349 4702; x_wconf 90' lang='lat' dir='ltr'>eandem</span> <span class='ocrx_word' id='word_1_247' title='bbox 1381 4616 1565 4704; x_wconf 87' lang='lat' dir='ltr'>ciuitatem</span> <span class='ocrx_word' id='word_1_248' title='bbox 1597 4632 1777 4737; x_wconf 91' lang='lat' dir='ltr'>perpetue</span> <span class='ocrx_word' id='word_1_249' title='bbox 1808 4613 2048 4734; x_wconf 90' lang='lat' dir='ltr'>pertinendis,</span> 
     </span>
    </p>
   </div>
   <div class='ocr_carea' id='block_1_8' title="bbox 420 4827 2099 5108">
    <p class='ocr_par' dir='ltr' id='par_1_8' title="bbox 420 4827 2099 5108">
     <span class='ocr_line' id='line_1_28' title="bbox 522 4827 2099 4954; baseline 0.003 -22"><span class='ocrx_word' id='word_1_250' title='bbox 522 4867 559 4951; x_wconf 82' lang='lat'>(¹)</span> <span class='ocrx_word' id='word_1_251' title='bbox 588 4867 636 4932; x_wconf 82' lang='lat' dir='ltr'>Er</span> <span class='ocrx_word' id='word_1_252' title='bbox 650 4866 822 4952; x_wconf 75' lang='lat' dir='ltr'>apographo</span> <span class='ocrx_word' id='word_1_253' title='bbox 843 4865 912 4932; x_wconf 86' lang='lat' dir='ltr'>libri</span> <span class='ocrx_word' id='word_1_254' title='bbox 934 4867 1141 4953; x_wconf 87' lang='lat' dir='ltr'>manuscripti</span> <span class='ocrx_word' id='word_1_255' title='bbox 1164 4867 1252 4952; x_wconf 81' lang='lat' dir='ltr'>vulgo</span> <span class='ocrx_word' id='word_1_256' title='bbox 1274 4865 1430 4954; x_wconf 79' lang='lat' dir='ltr'>„Metryla</span> <span class='ocrx_word' id='word_1_257' title='bbox 1453 4827 1617 4935; x_wconf 79' lang='lat' dir='ltr'>Koround&#39;¹</span> <span class='ocrx_word' id='word_1_258' title='bbox 1639 4865 1709 4936; x_wconf 90' lang='lat' dir='ltr'>dicti</span> <span class='ocrx_word' id='word_1_259' title='bbox 1731 4867 1787 4934; x_wconf 71' lang='grc' dir='ltr'>Ν’ο</span> <span class='ocrx_word' id='word_1_260' title='bbox 1806 4865 1873 4933; x_wconf 82' lang='lat' dir='ltr'>XV.</span> <span class='ocrx_word' id='word_1_261' title='bbox 1895 4887 1923 4954; x_wconf 89' lang='lat' dir='ltr'>p.</span> <span class='ocrx_word' id='word_1_262' title='bbox 1941 4866 2046 4936; x_wconf 77' lang='lat'>159111</span> <span class='ocrx_word' id='word_1_263' title='bbox 2095 4869 2099 4880; x_wconf 85' lang='lat'>&#39;</span> 
     </span>
     <span class='ocr_line' id='line_1_29' title="bbox 420 4951 1890 5108; baseline 0.001 -91"><span class='ocrx_word' id='word_1_264' title='bbox 420 4951 609 5018; x_wconf 80' lang='lat' dir='ltr'>Varsariensi</span> <span class='ocrx_word' id='word_1_265' title='bbox 624 4952 774 5018; x_wconf 81' lang='lat' dir='ltr'>tabulario</span> <span class='ocrx_word' id='word_1_266' title='bbox 787 4951 909 5037; x_wconf 86' lang='lat' dir='ltr'>publico</span> <span class='ocrx_word' id='word_1_267' title='bbox 924 4951 1019 5037; x_wconf 78' lang='lat' dir='ltr'>Regni</span> <span class='ocrx_word' id='word_1_268' title='bbox 1035 4953 1178 5018; x_wconf 68' lang='lat' dir='ltr'>poloniae</span> <span class='ocrx_word' id='word_1_269' title='bbox 1193 4953 1347 5019; x_wconf 81' lang='lat' dir='ltr'>asservati.</span> <span class='ocrx_word' id='word_1_270' title='bbox 1843 5052 1890 5108; x_wconf 77' lang='lat'>28·</span> 
     </span>
    </p>
   </div>
   <div class='ocr_carea' id='block_1_9' title="bbox 0 0 2394 5922">
    <p class='ocr_par' dir='ltr' id='par_1_9' title="bbox 0 0 2394 5922">
     <span class='ocr_line' id='line_1_30' title="bbox 0 0 2394 5922; baseline 0 0"><span class='ocrx_word' id='word_1_271' title='bbox 0 0 2394 5922; x_wconf 95' lang='lat' dir='ltr'> </span> 
     </span>
    </p>
   </div>
  </div>
 </body>
</html>
