4800 5942
1132 719 1406 796 -336-

456 921 614 1010 Nobiles
634 939 671 1010 el
691 923 804 1010 Cives
823 917 952 1040 Regni
972 921 1130 1011 Polonie
1151 951 1221 1010 sua
1242 933 1449 1009 noscuntur
1469 921 1658 1124 qplinere,
1692 937 1729 1011 el
1748 921 1901 1012 liberam
1922 923 2088 1014 babeant

454 1041 667 1129 facultatem
688 1042 772 1156 ipsa
791 1037 996 1144 vendendi,
1018 1038 1244 1142 cumulandi,
1265 1037 1461 1142 alienandi,
1509 1037 1660 1137 onendi
1681 1053 1719 1126 el
1738 1041 1776 1127 in
1795 1069 1888 1128 usus
1908 1071 2001 1132 suos
2021 1045 2086 1130 be.-

455 1156 662 1359 neplacilos
678 1153 933 1243 convertendi.
971 1155 1037 1245 Sic
1051 1171 1186 1258 lomen,
1206 1154 1309 1271 quod
1325 1185 1371 1241 ea
1380 1155 1627 1260 cumulando,
1647 1156 1860 1262 vendendo,
1875 1159 2085 1266 alienando,
2107 1255 2110 1264 ,

455 1305 503 1362 ve
536 1272 732 1362 donando:
764 1301 894 1361 coram
916 1275 1041 1374 nobis,
1062 1288 1125 1360 aul
1147 1275 1285 1360 nostris
1306 1272 1537 1378 officialibus
1559 1273 1659 1358 iuxla
1680 1273 1989 1363 consuetudinem
2008 1277 2085 1364 Re-

509 1392 520 1477 i
541 1390 711 1498 Polonie,
732 1390 989 1510 resignabunt.
1024 1391 1115 1478 llem
1136 1406 1224 1506 posl
1244 1403 1399 1477 mortem
1416 1405 1572 1507 patrum,
1593 1390 1696 1476 liberi
1712 1389 1867 1478 masculi
1889 1409 1926 1480 el
1940 1394 2085 1484 lemelle

455 1421 564 1598 Binis
585 1509 750 1626 palemis
771 1507 1007 1623 beredilmijs
1028 1509 1166 1625 privavi
1187 1535 1262 1593 non
1283 1506 1491 1610 debebunt,
1513 1506 1582 1594 sed
1603 1535 1649 1594 ea
1669 1537 1754 1592 cum
1776 1537 1907 1596 eorum
1928 1539 2084 1598 succes·

454 1626 603 1716 son'bus
615 1626 815 1746 legillimis,
835 1625 947 1742 pleno
964 1628 1043 1712 iure
1062 1624 1321 1742 possidebunt,
1342 1638 1454 1742 proul
1474 1624 1684 1743 Principes,
1706 1624 1892 1728 Berones,
1913 1626 2085 1732 Nobiles,

456 1759 493 1830 el
525 1743 639 1832 Cives
669 1745 796 1864 Regni
827 1743 986 1830 Polonie
1010 1771 1079 1830 sua
1101 1740 1315 1860 possident,
1346 1756 1384 1828 el
1403 1742 1439 1828 in
1459 1771 1551 1828 usus
1572 1741 1830 1859 beneplacitos
1851 1761 2083 1836 convertunt.

454 1861 546 1948 llem
563 1861 714 1978 quando
730 1862 891 1979 aliquem
915 1861 1138 1976 Principum,
1158 1859 1365 1962 Beronum,
1383 1857 1584 1962 Nobilium,
1606 1875 1643 1946 el
1661 1861 1803 1948 Civium
1818 1859 2084 1977 modiolorum,

455 1980 504 2066 ab
525 1978 598 2066 bac
618 1980 702 2066 luce
723 1977 913 2064 decedere
934 1979 1151 2096 conligeril,
1173 1994 1309 2064 extunc
1328 1975 1478 2065 viduam
1500 1980 1538 2064 in
1558 1977 1667 2065 bonis
1687 2007 1755 2066 seu
1777 1981 2085 2096 possessionibus

455 2098 575 2183 marili
607 2099 665 2183 sui
695 2094 867 2183 volumus
887 2117 1103 2198 remanere,
1135 2093 1309 2214 quamdiu
1331 2094 1481 2181 insede
1502 2098 1748 2211 permenseril
1769 2093 1926 2184 viduali:
1957 2127 2030 2216 que
2051 2100 2083 2184 si

455 2212 505 2302 ad
521 2213 710 2301 secundas
731 2214 888 2329 nupcias
909 2214 1115 2301 convolare
1131 2214 1300 2316 volueril,
1321 2213 1405 2329 ipsa
1420 2215 1565 2318 marilo,
1609 2243 1693 2299 uem
1708 2213 1922 2301 ducendum
1939 2215 2085 2333 eligerit

453 2330 549 2444 (sic),
581 2330 768 2438 lredelur3
800 2331 925 2446 pueris
957 2347 1079 2418 lamen
1111 2331 1277 2417 inbonis
1305 2344 1343 2415 el
1362 2243 1670 2447 possessionibus
1692 2333 1867 2446 palerniS,
1889 2332 1921 2420 si
1942 2333 2083 2419 brerinl:

434 2449 511 2538 ‘sin
530 2464 665 2552 aulem,
696 2448 983 2566 proximioribus
1005 2447 1174 2535 eiusdem
1196 2447 1314 2534 mariti
1335 2450 1487 2565 prioris,
1519 2446 1727 2535 derelictis:
1761 2465 1872 2567 proul
1901 2463 1939 2536 el
1959 2460 2084 2538 celere
2147 2503 2150 2512 λ

452 2565 565 2652 vidue
595 2566 722 2683 Regni
744 2564 902 2653 Polonie
926 2567 1151 2652 marilanlur.
1204 2565 1245 2650 Si
1265 2593 1357 2652 vero
1378 2567 1481 2682 prior
1500 2566 1666 2669 marilus,
1687 2567 1722 2652 in
1744 2567 1896 2683 prelatis
1917 2566 2027 2654 bonis
2049 2581 2085 2652 el

346 2699 349 2706 '
418 2763 422 2772 ,
453 2683 760 2799 possessionibus
776 2682 865 2788 suis,
886 2681 1037 2800 aliquod
1059 2681 1179 2768 eidem
1201 2684 1306 2768 uxori
1322 2713 1391 2768 sue
1407 2681 1620 2770 dolalicium
1636 2685 1895 2801 assignaverit,
1917 2696 1955 2768 el
1970 2683 2019 2767 de
2035 2713 2083 2769 eo

454 2796 683 2888 sufficienler
701 2797 866 2914 probare
886 2800 1057 2916 polueril,
1080 2798 1142 2885 illo
1163 2799 1368 2886 secundum
1391 2799 1558 2887 ordinem
1579 2801 1666 2886 iuris
1686 2813 1849 2915 recepto,
1871 2799 1932 2885 cui
1952 2799 2082 2886 volue-

454 2917 511 3019 ril,
533 2914 650 3001 nubet
668 2914 703 3000 in
726 2912 900 3000 dominio.
955 2914 1047 3001 llem
1069 2927 1178 3004 nolas
1203 2929 1240 3002 et
1259 2930 1465 3036 cognatos,
1497 2945 1546 3002 ac
1566 2917 1884 3032 consanguineas
1905 2916 2083 3032 ipsarum,

452 3033 622 3152 virgines
642 3047 678 3118 el
699 3029 843 3134 viduas,
864 3031 978 3119 libere
998 3047 1159 3149 possunt
1178 3030 1327 3119 {radere
1348 3032 1506 3135 maritis,
1535 3033 1644 3120 nobis
1664 3047 1702 3120 el
1721 3030 1858 3120 noslris
1879 3059 2083 3121 successo·

452 3150 555 3237 ribus
583 3177 699 3268 super
727 3149 802 3236 boc
821 3149 968 3236 minime
987 3151 1192 3267 requisilis;
1220 3151 1326 3236 riluro
1348 3165 1470 3237 lemen
1492 3149 1718 3238 kalholicum
1737 3151 1773 3236 in
1795 3148 1932 3237 lalibus
1952 3149 2083 3238 obser·

370 3359 374 3368 ,
453 3281 597 3354 vanles.
646 3267 739 3352 llem
761 3297 893 3354 omnes
914 3282 950 3353 el
971 3267 1106 3386 singuli
1127 3265 1348 3355 kmelbones
1379 3283 1415 3354 el
1439 3267 1574 3354 subdili
1605 3267 1841 3384 Principum,
1876 3261 2080 3372 Beronum,

452 3381 654 3490 Nobilium,
675 3382 915 3500 Boyarorum
936 3400 972 3471 el
994 3383 1139 3472 Civium
1160 3386 1171 3470 i
1199 3413 1327 3488 sarum
1347 3400 1529 3472 terrarum
1552 3383 1847 3518 Naqniduoalus
1865 3383 2082 3489 Lillbvanie,
2217 3383 2221 3390 ’

376 3567 383 3600 ,
453 3502 502 3588 ab
534 3502 634 3589 omni
654 3500 814 3590 dacione
836 3515 875 3588 el
894 3501 1088 3590 solucione
1127 3415 1305 3607 eoNecle,
1336 3503 1418 3590 sive
1448 3504 1664 3591 exaccioms
1694 3492 1942 3616 ercpczrsne
1970 3501 2081 3608 dide,

452 3631 566 3736 alque
581 3649 850 3726 mensurarum,
873 3650 947 3738 quo
966 3625 1117 3734 Dyolrlc
1137 3635 1407 3738 nuncupanlur,
1428 3620 1478 3706 ab
1500 3621 1674 3738 omnique
1696 3650 1812 3708 onere
1832 3618 2081 3738 vectigalium,

454 3767 529 3854 quc
549 3741 732 3822 Podroodi
749 3735 940 3842 dicunlur,
971 3737 1201 3825 aduccione
1227 3737 1411 3854 lapidum,
1441 3739 1641 3842 roborum,
1673 3739 1753 3824 sive
1774 3737 1981 3859 lignorum,
2012 3765 2080 3852 pro

453 3853 649 3940 exustione
669 3852 824 3940 laterum
845 3855 926 3941 sive
946 3857 1115 3958 cemenli,
1136 3884 1207 3972 pro
1228 3856 1364 3942 cestris
1385 3856 1457 3941 leni
1478 3857 1776 3959 laloaslracione,
1802 3871 1838 3942 cl
1857 3855 1939 3970 elijs
1959 3855 2081 3940 minus
2167 3965 2171 3972 Δ
2269 3871 2277 3882 ’

453 3970 559 4057 iuslis
591 3969 799 4074 laboribus,
830 3969 941 4057 soluli
966 3973 1059 4074 sint,
1091 3973 1194 4061 liberi
1216 3973 1364 4060 omnino
1386 3985 1423 4058 el
1443 3975 1623 4089 exempli:
1653 3972 1845 4060 laboribus
1866 3983 1989 4058 lamen
2011 3996 2080 4087 pro

453 4086 701 4176 edificacione
732 4103 940 4175 caslrorum
971 4088 1097 4176 denuo
1128 4105 1442 4207 opportunorum,
1476 4106 1512 4177 el
1542 4092 1775 4210 antiquorum
1805 4088 2081 4176 relormacione

454 4207 632 4319 exceptis.
694 4205 929 4321 Principum,
970 4206 1184 4311 Beronum,
1226 4205 1431 4311 Nobilium,
1473 4207 1712 4325 Boijarorum
1752 4206 2013 4294 kmelbonibus
2045 4221 2081 4292 el
2123 4209 2137 4226 ⁸

288 4385 299 4403 .
454 4320 631 4426 subdilis,
663 4351 732 4438 per
758 4327 906 4412 noscis
928 4324 1025 4412 dalis
1053 4340 1090 4412 el
1109 4322 1274 4430 donatis,
1301 4326 1466 4412 simililer
1486 4328 1674 4443 exceptis:
1704 4326 1878 4443 antiques
1900 4337 2023 4409 lamen
2044 4336 2082 4408 el

454 4436 593 4524 dudum
615 4453 819 4528 consuelas
840 4471 910 4557 pro
927 4442 1038 4529 nobis
1051 4457 1089 4529 el
1101 4443 1390 4529 successoribus
1405 4445 1543 4531 nostris
1558 4445 1867 4560 procuraciones,
1888 4440 2080 4542 collectas,

454 4558 664 4661 slaciones,
695 4559 869 4674 poncium
901 4587 1099 4648 nouorum
1131 4561 1369 4665 ereocioneS,
1400 4576 1567 4650 velerum
1594 4562 1851 4664 releeoiones,
1882 4573 1919 4645 ol
1938 4558 2080 4644 viarum

454 4673 760 4778 relormnciones,
786 4673 891 4760 illese
910 4705 1162 4780 reservamus,
1182 4694 1221 4766 el
1240 4707 1308 4763 eas
1327 4678 1499 4764 volumus
1520 4707 1608 4765 esse
1628 4701 1779 4795 semper
1799 4675 1938 4762 selvas.
1990 4675 2080 4760 llem

456 4791 557 4906 quod
578 4821 668 4897 nos,
688 4807 753 4879 aul
773 4791 954 4880 officiales
974 4796 1109 4898 noslri,
1134 4796 1361 4911 prelatorum
1383 4795 1618 4912 Principum,
1648 4794 1871 4921 Beronum,
1897 4789 2080 4880 Nobilium
2227 4870 2236 4883 ,
2390 4807 2391 4842 ¹
