4788 5926
984 695 1001 844 J
1092 731 1340 808 -·so-

402 943 552 1030 Gethoo
574 941 622 1028 de
637 947 782 1027 santet
803 925 1075 1049 usaueittttt
1095 939 1344 1044 castellanus,
1366 935 1495 1052 Mstuy
1510 936 1748 1023 Castettauus
1767 937 2030 1043 Wiztieiensis,

403 1061 519 1147 Sulek
553 1059 790 1146 Castellauus
812 1057 859 1144 de
879 1065 1024 1143 Breset
1045 1054 1117 1161 (⁶),
1158 1055 1342 1144 Nioolaus
1375 1055 1564 1142 Piuoerna
1594 1055 1880 1160 Craeoviensis‚
1922 1057 2030 1146 Sudo

403 1177 712 1264 Suboamerarius
736 1176 1023 1281 Craooviensis‚
1056 1174 1245 1262 Falizlaus
1267 1175 1579 1262 Suboamorarius
1600 1173 1911 1279 sudomiriensis,
1948 1175 2029 1261 Pri-

403 1295 544 1382 biziaus
567 1293 804 1380 Casteiiauus
830 1294 878 1378 de
909 1293 1115 1411 Malogost
1151 1292 1201 1379 Et
1222 1294 1292 1378 ista
1313 1308 1399 1380 suut
1419 1292 1568 1377 uomina
1590 1291 1886 1377 Canouioorum:
1908 1292 2028 1378 Fuloo

402 1413 584 1500 Deeanus
600 1413 878 1516 Craooviensis‚
900 1412 1111 1530 Gregorius
1132 1411 1354 1526 Propositus
1371 1409 1536 1495 eiusdem
1554 1409 1647 1518 (sio),
1672 1407 1705 1494 N
1709 1410 1879 1496 inbolaus
1897 1409 2029 1510 Scola-

404 1535 520 1619 stious
543 1532 826 1636 Craooviensis‚
866 1529 1037 1616 Jaoobus
1068 1530 1292 1645 Propositus
1326 1528 1595 1632 Wiztioiensis,
1627 1527 1747 1613 Futoo
1772 1527 2031 1613 Canoeltarius

344 1642 346 1648 ’
404 1651 522 1752 curie,
545 1664 581 1735 et
601 1647 811 1734 Sobestaus
832 1647 1178 1753 Suboanoeltarius‚
1201 1651 1262 1758 qui
1285 1647 1358 1732 boo
1378 1646 1610 1764 privilegium
1632 1646 1817 1764 sigillavit

505 1897 544 1981 (⁵)
574 1898 698 1978 Spdeoz,
714 1895 857 1971 Snodecz,
879 1898 925 1960 vet
941 1895 1020 1978 Sora
1034 1896 1125 1962 hodia
1139 1897 1264 1962 Potonis
1280 1905 1413 1965 voantur:
1435 1895 1605 1981 etquidem
1622 1895 1670 1960 bio
1686 1896 1724 1960 de
1739 1897 1865 1981 antiquo
1880 1847 2028 1960 Sbndeer'n

405 1986 521 2069 agitur„
534 1981 648 2068 oppido
662 1982 775 2046 scitioet
789 1981 951 2074 parochiali
966 1983 995 2046 in
1012 1981 1140 2060 Gatioia,
1164 1981 1363 2048 Saudeoensis
1380 1981 1542 2058 territorii,
1565 1981 1652 2066 nujus
1674 1980 1762 2045 Nouo
1777 1979 1925 2046 Sursdaer'a
1940 1989 2033 2066 eaput

408 2075 461 2132 est
508 2150 547 2234 (ὕ)
579 2147 708 2216 Braetlro
723 2149 869 2234 oppidum
885 2150 916 2214 iu
931 2148 1046 2216 Gatioia
1062 2149 1243 2235 parochiale,
1259 2148 1444 2215 Roobueusis
1459 2149 1612 2215 territorii.
1680 2229 1682 2234 Ι

985 2509 1032 2596 ’·
1128 2553 1324 2668 xxxu.

919 2838 1169 2970 Gromsot
1196 2856 1351 2923 aomo
1376 2835 1533 2922 1251.

463 3039 736 3114 casimirus
748 3041 819 3112 ltu
832 3039 976 3134 bunum
991 3045 1025 3113 et
1037 3040 1197 3113 suoram
1211 3039 1404 3132 puritapm
1417 3041 1512 3116 bunis
1527 3040 1670 3114 uariunt
1685 3041 1870 3134 romanino
1884 3044 1979 3130 tuti,

521 3143 572 3216 ari
586 3142 644 3230 sui,
658 3141 791 3234 uanam
806 3143 959 3242 oonuottio
974 3160 1055 3216 anuo
1069 3141 1142 3214 uno
1157 3141 1348 3236 inpartitum
1360 3147 1501 3230 renouat
1516 3144 1551 3215 at
1565 3145 1668 3216 rutam
1682 3143 1857 3236 aarejuttat
1872 3145 1923 3228 (¹).

513 3383 722 3470 lnuomioe
744 3382 902 3483 domini,
935 3412 1055 3468 amen.
1109 3379 1244 3467 Omnis
1274 3384 1372 3468 antio
1402 3384 1565 3501 legitima
1590 3384 1825 3498 temporatim
1859 3385 2037 3466 memoria

412 3501 602 3622 indigem,
635 3530 682 3587 ue
702 3529 905 3617 pravorum
927 3500 1114 3587 bominum
1136 3501 1447 3619 suggestionibus
1469 3500 1691 3604 infirmetur,
1724 3500 1809 3586 utile
1831 3517 1867 3586 et
1887 3515 2037 3586 cautum
2063 3537 2067 3548 ·

410 3635 478 3726 est,
499 3636 539 3706 ut
559 3620 744 3735 scripture
764 3621 974 3707 testimonio
995 3619 1206 3706 roboretur.
1248 3618 1341 3706 Ideo
1363 3650 1434 3709 uos
1455 3618 1684 3722 KazimiruS,
1716 3619 1777 3704 dei
1798 3618 1930 3737 gracia
1951 3617 2038 3702 Dux
2080 3692 2087 3708 .

513 3865 552 3950 (¹)
581 3867 628 3932 Ex
645 3862 807 3950 archetypo
830 3864 859 3929 in
876 3863 978 3929 oborta
1000 3865 1233 3930 membranacea
1255 3867 1366 3950 scripto
1388 3867 1432 3931 ut.
1455 3865 1583 3934 Comitis
1599 3866 1722 3952 Josepbi
1744 3869 1886 3934 Rusiecki
1903 3867 2037 3952 proprio.

411 3951 505 4038 sigini
528 3949 649 4016 dimidia
672 3967 743 4034 pars
765 3948 885 4027 avulsa3
908 3948 1029 4013 residua
1051 3967 1121 4034 pars
1135 3949 1228 4013 altera
1244 3950 1378 4014 funiculo
1394 3949 1492 4014 serino
1507 3952 1609 4016 viridis
1625 3951 1734 4016 notoria
1749 3973 1896 4037 appensa,
1920 3953 2038 4016 taonem

411 4043 531 4102 sn'rsum
547 4036 681 4101 erectum
697 4041 922 4117 repraesentatr
944 4033 1024 4097 unde
1039 4031 1213 4115 conjectura
1229 4034 1294 4118 oapi
1311 4035 1420 4118 possit,
1444 4034 1474 4098 in
1490 4041 1574 4117 parto
1597 4037 1697 4100 avutsa
1719 4036 1803 4118 sigilii
1820 4036 1950 4121 aquilam
1967 4055 2036 4099 oum

411 4121 499 4185 leone
514 4121 605 4184 dorso
621 4117 814 4202 onujunatam
831 4118 962 4183 effictam
977 4117 1085 4186 fuisse:
1107 4118 1190 4202 quod
1205 4119 1329 4184 serioris
1346 4120 1491 4204 temporis
1505 4120 1599 4204 sigitta
1615 4121 1785 4204 provinciae
1808 4121 1996 4204 Cujavienais
2010 4127 2041 4184 ot

412 4203 610 4270 Iaanuoiansis
626 4202 740 4286 insigne
752 4209 988 4288 repraesentant.
1015 4203 1187 4268 Verborum
1203 4205 1232 4270 iu
1249 4204 1364 4270 ambitu
1377 4204 1464 4288 sigilii
1480 4206 1714 4290 impressorum,
1737 4205 1856 4270 nonnisi
1872 4204 1915 4268 ira
1940 4211 2040 4268 menta

411 4333 547 4364 .......
560 4287 667 4350 a'mr‘rna
682 4287 731 4352 dei
744 4335 751 4350 .
767 4334 775 4351 .
791 4335 799 4352 .
816 4337 823 4351 .
840 4287 865 4350 .’'
880 4287 1115 4373 conspiciuntur.
1152 4289 1209 4352 nst
1223 4295 1325 4354 nutem
1349 4288 1378 4351 in
1394 4289 1452 4354 boo
1468 4298 1684 4368 monumento,
1707 4291 1768 4355 sive
1791 4289 1906 4373 antiqui
1918 4225 2040 4370 iibrarii

412 4391 537 4450 errore,
559 4372 621 4437 sivo
643 4370 752 4436 satrsaii
775 4373 895 4438 tabutna
918 4393 935 4437 a
958 4371 1106 4438 Casimiro
1128 4369 1299 4458 Cujaviensi
1322 4373 1518 4438 confirmatae
1541 4377 1629 4450 vitio,
1650 4376 1696 4440 ret
1713 4372 1850 4439 Casimiri
1867 4373 1913 4437 ari
1929 4393 2040 4436 nomen

411 4475 570 4542 perperam
587 4454 762 4532 indicatum,
777 4456 822 4520 vel
839 4458 907 4520 anui
927 4455 1041 4521 1150¹³¹i
1057 4458 1152 4524 litora.
1187 4461 1275 4521 Anno
1291 4457 1434 4534 animno,
1451 4457 1617 4524 Casimirus
1632 4458 1814 4544 cognomino
1828 4459 1933 4522 Justus
1947 4475 2042 4520 annos

414 4541 579 4625 pubertatis
591 4537 726 4604 nondum
740 4559 886 4623 egressus,
902 4560 1039 4606 summae
1051 4545 1166 4628 imperii
1180 4546 1209 4608 io
1225 4543 1386 4626 provinciis
1402 4543 1547 4608 Potoniae
1563 4545 1686 4628 majoris
1702 4561 1841 4622 praeesse
1857 4563 1917 4604 uon
1933 4540 2042 4624 potuit:

413 4625 562 4709 siquidem·
584 4625 637 4689 bns
660 4633 731 4690 tuno
754 4625 898 4706 temporis
921 4625 1093 4692 Minoistnus
1116 4630 1214 4696 dietus
1237 4625 1337 4691 Senex
1361 4627 1390 4690 iu
1406 4648 1461 4692 sua
1477 4636 1627 4712 potestate
1642 4637 1673 4691 et
1687 4628 1800 4692 ditione
1814 4627 1955 4701 tenebat,
1978 4626 2042 4706 ipsa
2083 4631 2086 4640 ’

414 4729 494 4782 raro,
510 4716 545 4771 ut
555 4717 662 4776 auctor
673 4719 721 4775 ast
731 4707 905 4774 Matthaeus
917 4709 1068 4774 annalium
1080 4714 1211 4799 scriptor
1226 4711 1252 4775 ei
1268 4711 1400 4796 aequalis
1416 4712 1481 4794 (Ep.
1498 4711 1611 4776 XXXI.
1630 4713 1709 4794 tau),
1724 4714 1809 4798 quasi
1826 4711 1902 4775 titios
1917 4708 2043 4773 familias

415 4793 443 4858 in
460 4793 554 4858 domo
570 4790 668 4859 fratris
684 4793 812 4859 Botestai
828 4793 998 4858 curabatur.
1027 4795 1166 4860 Eundem
1183 4795 1374 4872 Casimirum,
1389 4816 1482 4880 quum
1499 4817 1579 4860 anno
1598 4797 1675 4861 1157
1693 4796 1872 4880 lmporatori
1888 4794 2042 4858 Friderioo

414 4877 504 4957 obses
520 4875 609 4942 datus
625 4887 711 4956 esset,
731 4887 801 4944 ante
816 4879 946 4945 reditum
963 4899 1051 4944 suum
1069 4901 1085 4944 a
1101 4879 1273 4956 Germania,
1288 4883 1397 4948 uuttius
1413 4881 1582 4964 provinciae
1597 4883 1758 4962 imparium
1774 4881 1942 4946 exarantem
1958 4887 2031 4934 nure
