4778 5952
1001 759 1171 832 -Yii
1231 797 1274 812 -

206 1001 210 1015 ·
323 958 469 1076 aiiqrras
491 985 610 1160 ἰθηεε
630 956 796 1044 solvent:
820 955 954 1089 Etuos
970 985 1090 1074 penas
1106 957 1317 1072 hujusmodi
1334 961 1551 1074 quorumvis
1567 957 1697 1092 Regni
1712 959 1949 1048 nostriiudi-
2064 1042 2131 1076 ‚.

322 1103 418 1179 cum,
439 1075 492 1160 Su
514 1073 694 1190 judicum,
715 1071 938 1159 Officiabum
959 1089 999 1159 et
1015 1072 1308 1160 Ministerialium
1331 1075 1547 1178 eorundem,
1568 1106 1720 1163 racione
1740 1076 1954 1194 hujusmodi

322 1221 398 1278 uon
419 1193 708 1308 comparicionis
729 1203 861 1277 contra
880 1206 1109 1277 memoratos
1132 1190 1257 1294 Ciues,
1284 1189 1535 1294 Aduocaurm,
1558 1193 1743 1280 Consules
1765 1209 1802 1280 et
1822 1196 1951 1283 Scabi-

184 1313 189 1327 '
322 1337 393 1395 nos
424 1339 493 1396 seu
523 1309 682 1426 aliquem
717 1309 884 1424 ipsorum
915 1308 1122 1394 comuniter
1151 1307 1212 1398 vel
1243 1307 1409 1412 dicium,
1446 1309 1654 1396 iuiminatas
1686 1326 1883 1398 cassantes
1915 1328 1953 1401 ot
2007 1373 2047 1429 .·

322 1426 529 1530 irritantes,
559 1427 693 1532 nullius
714 1423 901 1530 efficacia,
932 1422 1083 1514 roboris
1104 1455 1190 1512 esse
1211 1427 1383 1512 volumus
1404 1426 1464 1511 vei
1485 1429 1677 1527 momenti,
1703 1425 1954 1516 decernentes

323 1543 450 1662 omnia
469 1557 507 1628 et
526 1544 676 1662 singula
696 1544 881 1659 premissa
901 1542 1070 1630 obtinere
1090 1543 1206 1630 robur
1221 1557 1401 1661 perpetue
1416 1542 1608 1632 firmitatis.
1638 1543 1796 1648 Harum,
1819 1545 1952 1663 quibus

323 1660 482 1778 sigilium
504 1677 673 1748 nostrum
693 1689 901 1777 appensum
923 1671 992 1765 esi,
1013 1661 1227 1748 testimonio
1246 1661 1445 1746 literarum.
1483 1659 1619 1746 Acium
1645 1665 1840 1763 Croromir,
1861 1665 1953 1750 feria

321 1775 491 1864 secunda
520 1779 615 1864 inira
644 1792 801 1865 octauas
833 1777 1121 1892 Assumpciouis
1141 1778 1284 1865 Sancte
1303 1776 1426 1864 Marie
1446 1777 1613 1896 Virginis
1634 1777 1819 1896 gloriose,
1851 1809 1958 1868 anno·

321 1891 462 1982 domini
478 1895 670 1982 millesimo
685 1895 935 1982 insanissimo
951 1897 1200 2016 nonagesimo
1217 1925 1329 1982 nono.
1359 1895 1604 1983 presentibus
1618 1895 1761 1982 validis:
1777 1896 1954 1984 iohanne

323 2008 373 2097 de
394 2018 596 2123 Thocczrjc
627 2012 846 2104 Casteilauo
877 2013 1142 2119 Craoouiensi,
1172 2012 1348 2102 iobamre
1369 2013 1418 2099 de
1442 2021 1623 2101 Tiamou
1643 2009 1953 2119 Sandomirieusi‚
2094 2043 2097 2050 ·

321 2127 497 2216 Jobunne
510 2129 681 2248 Liganza
695 2128 931 2217 Lanciciensi
947 2129 1121 2220 Palatino
1137 2131 1233 2242 (sic);
1255 2131 1509 2247 Gnijewcssio
1530 2130 1580 2218 de
1595 2137 1794 2243 naraoya
1810 2133 1953 2220 Succu-

320 2248 487 2380 merario
507 2247 771 2381 Cracouiensi‚
803 2229 919 2382 Retro
940 2246 1106 2382 Kmyibe
1127 2247 1343 2382 Casteliano
1362 2246 1597 2381 Lublineusi,
1626 2248 1742 2382 Petro
1763 2249 1954 2382 Schaiira·

242 2462 246 2475 ·
322 2363 1954 2598 1111ξῖ11111’111113111111111111111512112113111

323 2593 653 2801 {iihffiiffliefflss
673 2615 711 2686 or
731 2599 918 2688 Generosi
937 2598 1128 2716 Zairiijcze
1147 2599 1233 2686 aule
1253 2614 1382 2688 nostre
1403 2598 1643 2713 Camellani,
1673 2597 1784 2686 nobis
1804 2599 1953 2686 sincere
1996 2691 2002 2700 ,

351 2743 421 2802 rec
436 2743 554 2802 orum.
626 2765 627 2770 κ

1085 3027 1199 3142 CLI.
1223 3043 1226 3049 ’

489 3294 831 3388 Roommioe,
856 3313 1013 3379 mmo
1038 3291 1190 3378 1401
1217 3294 1360 3378 1111
1384 3312 1551 3380 meos.
1577 3291 1790 3378 Martii.
1815 3236 1818 3245 Ι

336 3595 341 3602 ι
415 3497 490 3570 Juro
504 3501 538 3569 ot
551 3497 713 3590 1111111111
725 3494 828 3586 logui
840 3489 1173 3666 Ιποιῐιῗίῐὶῃέἰῗο
1186 3494 1262 3678 roto(
1269 3493 1421 3674 ι1111111
1434 3493 1632 3566 reclusum
1646 3491 1685 3564 ob
1701 3490 1863 3564 0111111111

1006 3611 1077 3685 ogru
1116 3610 1238 3668 oouroo
1294 3649 1301 3665 .
1383 3629 1390 3638 ·

303 3925 306 3931 Ι
428 3820 471 3907 ln
492 3820 642 3908 nomine
663 3818 817 3924 domini,
844 3846 964 3902 amen.
997 3815 1113 3930 Quia
1134 3830 1223 3902 tunc
1243 3815 1364 3901 multis
1386 3843 1556 3900 errorum
1578 3825 1614 3899 et
1635 3811 1831 3900 dubiorum
1853 3815 1955 3901 inco-

328 3938 449 4027 modis
479 3937 680 4057 prudenter
711 3936 944 4038 occurimuS,
977 3931 1063 4020 dum
1092 3948 1205 4053 gesta
1234 3932 1342 4020 etatis
1372 3944 1502 4020 nostre
1521 3931 1708 4017 literarum
1730 3929 1898 4046 apicibus
1919 3943 1955 4016 et

430 4187 465 4270 (¹)
479 4186 619 4252 Etabuio
630 4184 801 4251 authentica
813 4186 1043 4251 membranacea
1055 4185 1086 4249 in
1097 4185 1246 4252 tabulario
1256 4183 1432 4268 Principum
1443 4178 1688 4244 Radziwiiiorum
1700 4183 1864 4243 asseruntu.
1876 4177 1955 4244 Huic
1989 4201 1994 4214 ·

327 4269 449 4337 tabulae
472 4289 605 4354 appensa
627 4276 698 4332 sunt
718 4268 817 4333 adbuc
837 4269 941 4350 viginti
963 4269 1020 4332 trio
1043 4269 1138 4352 sigillo
1160 4269 1280 4337 mediae
1294 4263 1508 4352 magnitudinis
1522 4262 1693 4327 exhibentia
1708 4262 1835 4345 insignia
1851 4281 1954 4348 porso-

328 4375 436 4422 narum
459 4354 489 4419 in
504 4347 629 4418 exordio
644 4350 734 4435 hujus
747 4351 869 4416 tabulae
884 4351 1051 4427 allatarum,
1065 4353 1207 4416 nonnulla
1221 4353 1315 4436 sigillo
1331 4349 1549 4414 desiderentur.
1583 4345 1776 4431 Pririiegium
1792 4345 1857 4423 boc,
1872 4343 1954 4430 quod

329 4441 437 4505 merito
453 4439 583 4524 primum
599 4435 816 4500 documentum
830 4434 958 4499 Unionis
971 4435 1051 4499 inter
1070 4435 1229 4500 Poloniom
1253 4443 1284 4499 et
1304 4429 1496 4497 Litbuaniam
1512 4429 1604 4495 initae
1618 4427 1725 4496 baberi
1740 4437 1854 4514 potest,
1876 4447 1954 4491 uun·

329 4543 421 4608 quum
436 4520 569 4587 adhunc
584 4519 664 4584 diem
677 4519 756 4603 typis
771 4525 929 4583 exaratum
943 4525 999 4582 est.
1029 4517 1142 4584 Notum
1159 4515 1345 4601 privilegium
1361 4514 1497 4601 ejusdem
1513 4513 1599 4590 cuni,
1621 4515 1761 4580 omnibus
1776 4511 1955 4594 corporibus

326 4607 442 4692 jurium
453 4614 485 4670 11
494 4612 687 4679 sumturum,
701 4601 848 4668 videlicet:
862 4595 1212 4684 voluminibus'Legum,
1226 4600 1353 4668 Statutis
1365 4597 1471 4676 Lascii,
1484 4596 1621 4674 Somicii,
1633 4596 1788 4682 Pryiuscii,
1801 4593 1956 4672 Herburti,

329 4689 506 4756 Goiiooiioni
520 4689 640 4754 Jurium
655 4683 905 4752 Litbuouicorum
921 4685 1023 4768 (Zbior
1037 4705 1122 4770 praw
1136 4683 1328 4766 Litawskicb)
1342 4684 1391 4769 aiij
1430 4704 1468 4749 uo
1483 4685 1643 4754 insertum,
1657 4702 1695 4747 eo
1707 4681 1808 4747 differt
1820 4699 1836 4742 n
1848 4683 1955 4743 nocuo

328 4793 411 4838 nuno
421 4778 553 4858 primum
564 4779 696 4848 exorato,
710 4771 793 4856 quod
804 4771 877 4848 iliud
889 4771 1104 4836 concinnatum
1118 4778 1165 4836 est
1178 4789 1196 4834 o
1210 4769 1357 4835 Proeiotis
1372 4776 1404 4834 ot
1444 4765 1588 4834 omnibus
1602 4763 1767 4840 Lithuouis
1782 4761 1841 4827 boc
1851 4768 1955 4836 autem

329 4879 346 4924 a
361 4858 507 4924 Prooiatis
521 4865 553 4924 ot
568 4857 739 4928 baronibus
752 4855 887 4929 Polouis
901 4855 974 4921 iilud
990 4854 1193 4940 couscriptum
1210 4861 1258 4920 ost
1269 4854 1376 4920 Viiuoo
1392 4853 1441 4918 die
1458 4850 1497 4920 18
1511 4849 1665 4926 Jouuuriii,
1679 4847 1738 4914 boo
1752 4865 1823 4912 roro
1835 4845 1955 4932 duobus
