4788 5926
1090 771 1363 858 ¹--os-

619 1333 897 1427 Gnesmme,
925 1285 1392 1418 amno'12'42irtta
1418 1329 1517 1417 30.
1542 1357 1612 1418 m.
1638 1333 1859 1438 Aorno.

426 1533 696 1606 hemiola!
709 1531 1029 1620 morosumque
1043 1532 1186 1622 bourn,
1199 1533 1316 1607 burun
1329 1534 1474 1608 Potonim
1487 1536 1614 1630 lrjorlr
1627 1535 1777 1624 euram,
1792 1535 2052 1612 enimomnes

547 1635 730 1710 turbatores
744 1634 833 1726 poris
847 1633 1041 1708 monmtiroe
1055 1635 1480 1830 ⁰⁰iiiiini1⁰ipiii⁰puim
1493 1639 1671 1706 utronno
1685 1637 1920 1732 direptoresquo

526 1957 570 2044 ln
600 1960 749 2048 nomine
780 1935 935 2063 domini,
966 1988 1087 2045 amen.
1139 1958 1265 2046 Multis
1295 1962 1542 2048 incommodis
1573 1961 1779 2081 prudenter
1807 1963 2050 2068 occurrimus,

395 2108 510 2163 .cum
547 2080 654 2164 etatis
690 2095 819 2165 nostre
855 2078 1034 2194 negocia,
1086 2077 1285 2164 litterarum
1320 2109 1367 2166 ao
1403 2082 1547 2166 testium
1585 2083 1783 2168 munimine
1814 2080 2051 2168 roboramus.

426 2191 609 2290 Noverint
625 2197 736 2313 igitur
752 2195 913 2282 universi
928 2209 1003 2280 tam
1012 2210 1209 2310 presentes
1226 2225 1336 2314 quam
1354 2196 1462 2282 luturi
1478 2214 1690 2313 presentem
1707 2197 1864 2285 litteram
1881 2197 2051 2302 habituri,

427 2325 519 2430 quot
547 2342 617 2400 nos
647 2310 810 2398 Premisl
841 2327 877 2397 et
907 2309 1110 2396 Boleslaus
1141 2311 1200 2398 dei
1230 2314 1364 2430 grauia
1393 2313 1524 2400 Duces
1551 2315 1712 2430 lllajoris
1732 2315 1895 2401 Polonie
1915 2314 2050 2400 auditis
2161 2358 2176 2412 ,a

424 2428 651 2516 multimodis
685 2429 937 2514 molestiarum
970 2426 1131 2544 querelis
1164 2427 1293 2514 dilecti
1320 2428 1514 2546 Capellani
1546 2433 1664 2516 nostri
1696 2431 1833 2516 domini
1878 2429 2051 2543 Woyslai

424 2545 584 2632 Abbatis
606 2561 642 2633 et
662 2547 813 2632 lratrum
835 2546 915 2661 ejus
937 2544 1152 2630 monasterii
1173 2545 1221 2631 de
1241 2553 1371 2657 Lubyo
1392 2542 1446 2658 (2)
1480 2577 1574 2665 quas
1596 2545 1745 2663 quidam
1766 2549 1918 2634 leroees
1939 2547 1994 2632 eis
2015 2547 2052 2631 in

423 2665 532 2750 bonis
549 2693 679 2749 eorum
695 2692 819 2778 ymmo
841 2677 878 2748 et
898 2662 933 2747 in
955 2661 1037 2776 ipso
1059 2663 1287 2748 monasterio
1309 2663 1345 2747 in
1366 2665 1469 2780 ipsas
1485 2693 1671 2781 personas
1686 2665 1897 2782 religiosas,
1920 2663 2052 2750 timore

425 2782 485 2867 dei
520 2781 732 2898 postposito
764 2792 801 2866 et
830 2781 959 2898 rigore
990 2792 1122 2864 nostro
1153 2782 1366 2896 retrojeoto,
1406 2782 1504 2868 fastu
1536 2783 1712 2898 superbie
1744 2796 1924 2868 tumentes
1955 2809 2051 2866 ausu

424 2901 620 2988 temerario
642 2900 777 2985 inlerre
797 2928 874 2985 non
894 2895 1114 3003 formidant;
1152 2912 1293 2985 etcum
1314 2901 1496 3014 prelatum
1518 2899 1784 2986 monesterium
1806 2913 1842 2985 et
1864 2926 2050 3014 personas

418 3017 461 3102 in
482 3016 531 3101 ibi
551 3014 625 3104 deo
645 3015 839 3103 militantes
871 3015 920 3104 ob
940 3015 1157 3131 religiosam
1179 3019 1516 3104 conversacionem
1536 3018 1689 3133 speciali
1711 3019 1843 3134 grecia
1864 3028 1901 3102 et
1921 3015 2052 3104 lavore

424 3157 708 3252 prosequamur,
740 3149 776 3220 et
796 3133 892 3219 ordo
907 3133 1070 3247 justicie,
1088 3148 1123 3218 at
1149 3133 1287 3250 rigoris
1309 3135 1454 3252 exigat,
1494 3150 1534 3221 ut
1547 3137 1657 3251 juxta
1678 3133 1840 3220 debitum
1862 3131 2050 3250 dignitatis

425 3264 572 3356 nostre,
604 3282 696 3338 aura
727 3251 852 3338 debita
884 3252 1049 3368 ipsorum
1076 3248 1280 3366 dispendiis
1302 3281 1547 3339 occurramus
1579 3267 1616 3338 et
1646 3252 1892 3369 profectibus,
1924 3250 2050 3336 talium

288 3471 293 3479 ,
425 3367 630 3457 eorundem
669 3369 873 3456 ferocitatis
904 3369 1191 3478 temeritatisque
1222 3369 1453 3483 tyrannidem
1483 3369 1716 3455 refrenantes
1737 3369 2050 3483 oompesouimuS,

424 3499 536 3601 prout
556 3485 680 3571 debite
700 3500 925 3572 meruerunt.
959 3485 1109 3597 Quare,
1141 3498 1181 3569 ut
1200 3488 1285 3571 talia
1317 3488 1353 3571 in
1378 3501 1569 3600 posterum
1591 3513 1666 3569 non
1683 3483 1932 3586 admittantur,
1963 3483 2051 3568 inito

425 3605 611 3690 communi
641 3604 808 3706 oonsilio,
839 3603 907 3688 rite
936 3603 1202 3703 decernentes,
1234 3601 1388 3735 dignum
1419 3600 1590 3688 duximus
1610 3599 1877 3688 statuendum:
1909 3613 1950 3684 ut
1969 3599 2061 3708 qui-.

425 3745 574 3831 auoque
604 3749 671 3806 seu
703 3719 848 3806 nobiles
879 3720 960 3806 sive
989 3717 1176 3834 ignobiles
1207 3746 1463 3835 cujuscunque
1492 3719 1726 3806 eondioionis
1757 3732 1823 3806 aut
1858 3715 2050 3835 dignitatis

394 3895 403 3917 .
425 3836 624 3941 extiterint,
654 3835 793 3924 Abbati
814 3843 881 3929 seu
902 3836 1076 3923 tratribus
1096 3835 1176 3924 suis
1197 3835 1284 3923 dicti
1309 3838 1547 3942 monasterii,
1567 3838 1647 3923 sive
1667 3837 1811 3924 villanis
1833 3864 1981 3939 eorum,
2013 3833 2050 3918 in

423 3953 533 4042 bonis
553 3956 723 4070 ipsorum
751 3970 787 4040 et
817 3954 995 4070 precipue
1025 3954 1061 4038 in
1090 3956 1318 4040 monasterio
1348 3957 1537 4073 quippiam
1568 3955 1739 4041 molestie
1768 3983 1838 4040 seu
1866 3950 2052 4038 violencie

423 4071 623 4172 intulerint,
664 4072 774 4160 nobis
806 4086 842 4158 et
871 4072 1009 4160 nostris
1040 4073 1330 4160 suecessoribus
1360 4102 1495 4188 penam
1527 4081 1877 4181 queaedmoessont
1906 4067 2048 4165 dieitur,
2096 4162 2104 4174 ,

524 4387 565 4474 (¹)
593 4387 620 4453 E
636 4385 739 4452 tabula
754 4385 925 4453 authentico
941 4407 1133 4472 pergamena,
1148 4388 1179 4453 in
1194 4385 1343 4454 tabulario
1359 4385 1530 4471 provinciae
1546 4359 1758 4452 posnaniensis
1774 4395 1936 4460 asservato,
1954 4387 2049 4472 (eujus

423 4473 551 4538 alterum
567 4472 697 4557 sigillum
713 4480 811 4536 totum
827 4471 1022 4549 desideratur,
1047 4470 1174 4536 alterum
1191 4472 1230 4538 de
1244 4493 1313 4546 cera
1328 4471 1452 4554 vulgari,
1467 4471 1569 4556 sigillis
1583 4471 1758 4538 Praemislai
1773 4471 1801 4534 Π
1817 4470 1968 4556 persimile
1983 4490 2049 4536 osse

423 4555 543 4638 dieitur)
558 4557 718 4639 descripsit
732 4556 855 4622 doctiss.
869 4554 1086 4640 Stronozyrlsli.
1114 4554 1217 4642 sigilla
1234 4556 1290 4620 filis
1306 4555 1408 4621 rubeis
1423 4573 1555 4640 appensa
1572 4564 1666 4622 erunt.

524 4642 563 4721 (²)
594 4641 701 4714 Lutto,
714 4641 932 4707 monasterium
948 4647 980 4705 et
989 4640 1056 4704 villo
1068 4639 1246 4723 paroehialis
1262 4640 1290 4702 in
1305 4641 1349 4706 Μ.
1360 4640 1481 4704 Dueatu
1494 4640 1699 4716 posnaniensi,
1709 4638 1852 4703 territorii
1865 4638 2048 4704 Poonamou-

422 4724 1469 4897 aesrolornant,terlatairrueremus
1484 4721 2049 4891 lrrrlrrusrluerle

422 4911 452 4976 p.
467 4890 539 4957 399.
555 4899 665 4958 namot

2149 4081 2183 4122 l
