<?xml version="1.0" encoding="UTF-8"?>
<!DOCTYPE html PUBLIC "-//W3C//DTD XHTML 1.0 Transitional//EN"
    "http://www.w3.org/TR/xhtml1/DTD/xhtml1-transitional.dtd">
<html xmlns="http://www.w3.org/1999/xhtml" xml:lang="en" lang="en">
 <head>
  <title>
</title>
<meta http-equiv="Content-Type" content="text/html;charset=utf-8" />
  <meta name='ocr-system' content='tesseract 3.04.00' />
  <meta name='ocr-capabilities' content='ocr_page ocr_carea ocr_par ocr_line ocrx_word'/>
</head>
<body>
  <div class='ocr_page' id='page_1' title='image "./codexdiplomatic02bartgoog_0300.png"; bbox 0 0 4778 5952; ppageno 0'>
   <div class='ocr_carea' id='block_1_1' title="bbox 1135 721 1410 796">
    <p class='ocr_par' dir='ltr' id='par_1_1' title="bbox 1135 721 1410 796">
     <span class='ocr_line' id='line_1_1' title="bbox 1135 721 1410 796; baseline -0.004 -1"><span class='ocrx_word' id='word_1_1' title='bbox 1135 721 1410 796; x_wconf 71' lang='lat' dir='ltr'><strong>-Ibfl-</strong></span> 
     </span>
    </p>
   </div>
   <div class='ocr_carea' id='block_1_2' title="bbox 1188 1083 1363 1240">
    <p class='ocr_par' dir='ltr' id='par_1_2' title="bbox 1188 1083 1363 1240">
     <span class='ocr_line' id='line_1_2' title="bbox 1188 1083 1363 1240; baseline -0.011 -38"><span class='ocrx_word' id='word_1_2' title='bbox 1188 1083 1363 1240; x_wconf 79' lang='lat' dir='ltr'><strong>osuiu.</strong></span> 
     </span>
    </p>
   </div>
   <div class='ocr_carea' id='block_1_3' title="bbox 461 1293 1976 1456">
    <p class='ocr_par' dir='ltr' id='par_1_3' title="bbox 461 1293 1976 1456">
     <span class='ocr_line' id='line_1_3' title="bbox 461 1293 1976 1456; baseline 0.005 -13"><span class='ocrx_word' id='word_1_3' title='bbox 461 1293 465 1305; x_wconf 86' lang='lat'><strong>.</strong></span> <span class='ocrx_word' id='word_1_4' title='bbox 568 1340 911 1456; x_wconf 65' lang='lat' dir='ltr'><strong>ituiionntac,</strong></span> <span class='ocrx_word' id='word_1_5' title='bbox 938 1374 1095 1442; x_wconf 71' lang='lat' dir='ltr'><strong>omno</strong></span> <span class='ocrx_word' id='word_1_6' title='bbox 1119 1351 1276 1442; x_wconf 78' lang='grc'>1390</span> <span class='ocrx_word' id='word_1_7' title='bbox 1300 1318 1354 1441; x_wconf 79' lang='lat' dir='ltr'><strong>u.</strong></span> <span class='ocrx_word' id='word_1_8' title='bbox 1383 1354 1447 1443; x_wconf 87' lang='lat'><strong>11</strong></span> <span class='ocrx_word' id='word_1_9' title='bbox 1473 1357 1673 1447; x_wconf 67' lang='lat' dir='ltr'><strong>meum·</strong></span> <span class='ocrx_word' id='word_1_10' title='bbox 1704 1311 1976 1450; x_wconf 74' lang='lat' dir='ltr'><strong>cosumus.</strong></span> 
     </span>
    </p>
   </div>
   <div class='ocr_carea' id='block_1_4' title="bbox 544 1519 2082 1762">
    <p class='ocr_par' dir='ltr' id='par_1_4' title="bbox 544 1519 2082 1762">
     <span class='ocr_line' id='line_1_4' title="bbox 544 1519 2082 1654; baseline 0.001 -18"><span class='ocrx_word' id='word_1_11' title='bbox 544 1559 856 1636; x_wconf 72' lang='lat' dir='ltr'><strong>wladislaus</strong></span> <span class='ocrx_word' id='word_1_12' title='bbox 870 1557 940 1631; x_wconf 83' lang='lat' dir='ltr'><strong>iton</strong></span> <span class='ocrx_word' id='word_1_13' title='bbox 954 1545 1079 1632; x_wconf 81' lang='lat' dir='ltr'><strong>tinibus</strong></span> <span class='ocrx_word' id='word_1_14' title='bbox 1094 1547 1401 1631; x_wconf 75' lang='lat' dir='ltr'><strong>Sandomirtam&#39;t&#39;us.</strong></span> <span class='ocrx_word' id='word_1_15' title='bbox 1416 1558 1518 1630; x_wconf 83' lang='lat' dir='ltr'><strong>sulem</strong></span> <span class='ocrx_word' id='word_1_16' title='bbox 1532 1559 1697 1654; x_wconf 76' lang='lat' dir='ltr'><strong>uxmppu</strong></span> <span class='ocrx_word' id='word_1_17' title='bbox 1711 1519 1996 1645; x_wconf 77' lang='lat' dir='ltr'><strong>tieboienuiinnet</strong></span> <span class='ocrx_word' id='word_1_18' title='bbox 2077 1567 2082 1575; x_wconf 89' lang='lat'>&#39;</span> 
     </span>
     <span class='ocr_line' id='line_1_5' title="bbox 667 1659 1946 1762; baseline -0.001 -26"><span class='ocrx_word' id='word_1_19' title='bbox 667 1661 909 1748; x_wconf 82' lang='lat' dir='ltr'><strong>iicebnonsibns,</strong></span> <span class='ocrx_word' id='word_1_20' title='bbox 923 1661 1085 1736; x_wconf 70' lang='lat' dir='ltr'><strong>itineribus</strong></span> <span class='ocrx_word' id='word_1_21' title='bbox 1100 1659 1212 1753; x_wconf 78' lang='lat' dir='ltr'><strong>quius</strong></span> <span class='ocrx_word' id='word_1_22' title='bbox 1225 1659 1289 1732; x_wconf 84' lang='lat' dir='ltr'><strong>iiiin</strong></span> <span class='ocrx_word' id='word_1_23' title='bbox 1303 1659 1650 1752; x_wconf 64' lang='lat' dir='ltr'><strong>pimuerttnoinninn</strong></span> <span class='ocrx_word' id='word_1_24' title='bbox 1663 1663 1818 1760; x_wconf 79' lang='lat' dir='ltr'><strong>permittit</strong></span> <span class='ocrx_word' id='word_1_25' title='bbox 1832 1667 1882 1753; x_wconf 63' lang='grc' dir='ltr'><strong>(Ι).</strong></span> <span class='ocrx_word' id='word_1_26' title='bbox 1944 1755 1946 1762; x_wconf 15' lang='lat' dir='ltr'>y</span> 
     </span>
    </p>
   </div>
   <div class='ocr_carea' id='block_1_5' title="bbox 323 1881 2150 4466">
    <p class='ocr_par' dir='ltr' id='par_1_5' title="bbox 323 1881 2150 4466">
     <span class='ocr_line' id='line_1_6' title="bbox 557 1881 2086 2006; baseline 0.001 -30"><span class='ocrx_word' id='word_1_27' title='bbox 557 1887 792 1977; x_wconf 87' lang='lat' dir='ltr'><strong>Wiadisiaus</strong></span> <span class='ocrx_word' id='word_1_28' title='bbox 813 1885 884 1972; x_wconf 87' lang='lat' dir='ltr'><strong>Dei</strong></span> <span class='ocrx_word' id='word_1_29' title='bbox 904 1886 1026 2004; x_wconf 81' lang='lat' dir='ltr'><strong>gratia</strong></span> <span class='ocrx_word' id='word_1_30' title='bbox 1046 1884 1134 1972; x_wconf 84' lang='lat' dir='ltr'><strong>Rex</strong></span> <span class='ocrx_word' id='word_1_31' title='bbox 1148 1883 1343 1988; x_wconf 89' lang='lat' dir='ltr'><strong>Poloniae,</strong></span> <span class='ocrx_word' id='word_1_32' title='bbox 1364 1881 1660 1998; x_wconf 88' lang='lat' dir='ltr'><strong>Litbuauiaeque</strong></span> <span class='ocrx_word' id='word_1_33' title='bbox 1674 1887 1862 2005; x_wconf 78' lang='lat' dir='ltr'><strong>Princeps</strong></span> <span class='ocrx_word' id='word_1_34' title='bbox 1878 1915 2086 2006; x_wconf 91' lang='lat' dir='ltr'><strong>supremus,</strong></span> 
     </span>
     <span class='ocr_line' id='line_1_7' title="bbox 455 2002 2086 2123; baseline 0 -28"><span class='ocrx_word' id='word_1_35' title='bbox 455 2021 493 2096; x_wconf 89' lang='lat' dir='ltr'><strong>ei</strong></span> <span class='ocrx_word' id='word_1_36' title='bbox 513 2010 650 2094; x_wconf 82' lang='lat' dir='ltr'>haeres</span> <span class='ocrx_word' id='word_1_37' title='bbox 672 2005 837 2093; x_wconf 85' lang='lat' dir='ltr'><strong>Russiae</strong></span> <span class='ocrx_word' id='word_1_38' title='bbox 858 2017 928 2089; x_wconf 88' lang='lat' dir='ltr'><strong>etc.</strong></span> <span class='ocrx_word' id='word_1_39' title='bbox 980 2002 1246 2121; x_wconf 78' lang='lat' dir='ltr'><strong>Significamus</strong></span> <span class='ocrx_word' id='word_1_40' title='bbox 1267 2003 1401 2115; x_wconf 89' lang='lat' dir='ltr'><strong>quibus</strong></span> <span class='ocrx_word' id='word_1_41' title='bbox 1422 2002 1572 2120; x_wconf 86' lang='lat' dir='ltr'><strong>expedit</strong></span> <span class='ocrx_word' id='word_1_42' title='bbox 1591 2005 1796 2110; x_wconf 76' lang='lat' dir='ltr'><strong>uniuersis,</strong></span> <span class='ocrx_word' id='word_1_43' title='bbox 1827 2009 2086 2123; x_wconf 85' lang='lat' dir='ltr'><strong>praesentibus</strong></span> 
     </span>
     <span class='ocr_line' id='line_1_8' title="bbox 455 2120 2086 2236; baseline -0.001 -23"><span class='ocrx_word' id='word_1_44' title='bbox 455 2143 494 2214; x_wconf 90' lang='lat' dir='ltr'><strong>et</strong></span> <span class='ocrx_word' id='word_1_45' title='bbox 522 2127 663 2214; x_wconf 88' lang='lat' dir='ltr'><strong>iuturis.</strong></span> <span class='ocrx_word' id='word_1_46' title='bbox 720 2120 926 2236; x_wconf 85' lang='lat' dir='ltr'><strong>Quomodo</strong></span> <span class='ocrx_word' id='word_1_47' title='bbox 966 2121 1002 2207; x_wconf 91' lang='lat' dir='ltr'><strong>iu</strong></span> <span class='ocrx_word' id='word_1_48' title='bbox 1037 2121 1331 2208; x_wconf 81' lang='lat' dir='ltr'><strong>meliorationem</strong></span> <span class='ocrx_word' id='word_1_49' title='bbox 1368 2135 1527 2208; x_wconf 78' lang='lat' dir='ltr'><strong>&#39;nostrae</strong></span> <span class='ocrx_word' id='word_1_50' title='bbox 1567 2127 1882 2210; x_wconf 73' lang='lat' dir='ltr'><strong>Suudomn&#39;rieustb</strong></span> <span class='ocrx_word' id='word_1_51' title='bbox 1918 2127 2086 2233; x_wconf 86' lang='lat' dir='ltr'><strong>ciuitatis,</strong></span> 
     </span>
     <span class='ocr_line' id='line_1_9' title="bbox 457 2236 2085 2362; baseline -0.001 -30"><span class='ocrx_word' id='word_1_52' title='bbox 457 2244 725 2362; x_wconf 81' lang='lat' dir='ltr'><strong>depositorium</strong></span> <span class='ocrx_word' id='word_1_53' title='bbox 746 2239 835 2326; x_wconf 80' lang='lat' dir='ltr'><strong>satis</strong></span> <span class='ocrx_word' id='word_1_54' title='bbox 857 2253 894 2325; x_wconf 90' lang='lat' dir='ltr'><strong>et</strong></span> <span class='ocrx_word' id='word_1_55' title='bbox 913 2240 1077 2343; x_wconf 90' lang='lat' dir='ltr'><strong>aieoum,</strong></span> <span class='ocrx_word' id='word_1_56' title='bbox 1099 2240 1190 2356; x_wconf 89' lang='lat' dir='ltr'><strong>ipsis</strong></span> <span class='ocrx_word' id='word_1_57' title='bbox 1211 2269 1280 2356; x_wconf 86' lang='lat' dir='ltr'><strong>per</strong></span> <span class='ocrx_word' id='word_1_58' title='bbox 1301 2236 1387 2326; x_wconf 90' lang='lat' dir='ltr'><strong>oiim</strong></span> <span class='ocrx_word' id='word_1_59' title='bbox 1409 2239 1553 2326; x_wconf 87' lang='lat' dir='ltr'><strong>ioeiieis</strong></span> <span class='ocrx_word' id='word_1_60' title='bbox 1574 2242 1777 2328; x_wconf 89' lang='lat' dir='ltr'><strong>memoriae</strong></span> <span class='ocrx_word' id='word_1_61' title='bbox 1797 2242 2085 2331; x_wconf 85' lang='lat' dir='ltr'><strong>liiustuissimum</strong></span> 
     </span>
     <span class='ocr_line' id='line_1_10' title="bbox 456 2355 2087 2477; baseline -0.003 -25"><span class='ocrx_word' id='word_1_62' title='bbox 456 2365 653 2452; x_wconf 84' lang='lat' dir='ltr'><strong>Dominum</strong></span> <span class='ocrx_word' id='word_1_63' title='bbox 688 2359 912 2446; x_wconf 83' lang='lat' dir='ltr'><strong>Cazimirum</strong></span> <span class='ocrx_word' id='word_1_64' title='bbox 943 2355 1094 2477; x_wconf 78' lang='lat' dir='ltr'><strong>Regem</strong></span> <span class='ocrx_word' id='word_1_65' title='bbox 1129 2356 1332 2462; x_wconf 89' lang='lat' dir='ltr'><strong>Poloniae,</strong></span> <span class='ocrx_word' id='word_1_66' title='bbox 1368 2369 1652 2446; x_wconf 75' lang='lat' dir='ltr'><strong>antecessorem</strong></span> <span class='ocrx_word' id='word_1_67' title='bbox 1688 2375 1855 2448; x_wconf 81' lang='lat' dir='ltr'><strong>nostrum</strong></span> <span class='ocrx_word' id='word_1_68' title='bbox 1893 2359 2087 2449; x_wconf 83' lang='lat' dir='ltr'><strong>detumet</strong></span> 
     </span>
     <span class='ocr_line' id='line_1_11' title="bbox 455 2476 2086 2594; baseline -0.002 -25"><span class='ocrx_word' id='word_1_69' title='bbox 455 2493 650 2584; x_wconf 82' lang='lat' dir='ltr'><strong>sisinium,</strong></span> <span class='ocrx_word' id='word_1_70' title='bbox 682 2478 945 2564; x_wconf 80' lang='lat' dir='ltr'><strong>confirmantes</strong></span> <span class='ocrx_word' id='word_1_71' title='bbox 976 2482 1012 2562; x_wconf 88' lang='lat' dir='ltr'><strong>ei</strong></span> <span class='ocrx_word' id='word_1_72' title='bbox 1032 2477 1286 2592; x_wconf 81' lang='lat' dir='ltr'><strong>approbantes</strong></span> <span class='ocrx_word' id='word_1_73' title='bbox 1307 2476 1525 2594; x_wconf 81' lang='lat' dir='ltr'><strong>praedictae</strong></span> <span class='ocrx_word' id='word_1_74' title='bbox 1545 2477 1682 2564; x_wconf 89' lang='lat' dir='ltr'><strong>ciuitati</strong></span> <span class='ocrx_word' id='word_1_75' title='bbox 1707 2495 1860 2565; x_wconf 88' lang='lat' dir='ltr'><strong>nostrae</strong></span> <span class='ocrx_word' id='word_1_76' title='bbox 1888 2485 2086 2568; x_wconf 79' lang='lat' dir='ltr'><strong>Sandomi-</strong></span> 
     </span>
     <span class='ocr_line' id='line_1_12' title="bbox 454 2592 2087 2714; baseline -0.003 -28"><span class='ocrx_word' id='word_1_77' title='bbox 454 2603 580 2697; x_wconf 81' lang='lat' dir='ltr'><strong>riecsi,</strong></span> <span class='ocrx_word' id='word_1_78' title='bbox 605 2597 704 2681; x_wconf 89' lang='lat' dir='ltr'><strong>bane</strong></span> <span class='ocrx_word' id='word_1_79' title='bbox 724 2595 858 2678; x_wconf 92' lang='lat' dir='ltr'><strong>damus</strong></span> <span class='ocrx_word' id='word_1_80' title='bbox 878 2595 1038 2711; x_wconf 79' lang='lat' dir='ltr'><strong>gratiam</strong></span> <span class='ocrx_word' id='word_1_81' title='bbox 1062 2609 1098 2680; x_wconf 89' lang='lat' dir='ltr'><strong>et</strong></span> <span class='ocrx_word' id='word_1_82' title='bbox 1112 2592 1318 2679; x_wconf 83' lang='lat' dir='ltr'><strong>libertatem</strong></span> <span class='ocrx_word' id='word_1_83' title='bbox 1340 2597 1505 2682; x_wconf 90' lang='lat' dir='ltr'><strong>euiterne</strong></span> <span class='ocrx_word' id='word_1_84' title='bbox 1521 2595 1731 2698; x_wconf 87' lang='lat' dir='ltr'><strong>tenendam,</strong></span> <span class='ocrx_word' id='word_1_85' title='bbox 1753 2611 1791 2682; x_wconf 91' lang='lat' dir='ltr'><strong>ut</strong></span> <span class='ocrx_word' id='word_1_86' title='bbox 1806 2598 1862 2682; x_wconf 92' lang='lat' dir='ltr'><strong>sai</strong></span> <span class='ocrx_word' id='word_1_87' title='bbox 1880 2595 1928 2680; x_wconf 90' lang='lat' dir='ltr'><strong>de</strong></span> <span class='ocrx_word' id='word_1_88' title='bbox 1943 2597 2087 2714; x_wconf 85' lang='lat' dir='ltr'><strong>Zuppis</strong></span> 
     </span>
     <span class='ocr_line' id='line_1_13' title="bbox 455 2709 2087 2830; baseline -0.002 -29"><span class='ocrx_word' id='word_1_89' title='bbox 455 2714 595 2801; x_wconf 84' lang='lat' dir='ltr'><strong>nostris</strong></span> <span class='ocrx_word' id='word_1_90' title='bbox 616 2709 920 2799; x_wconf 87' lang='lat' dir='ltr'><strong>Wieiioiensibus</strong></span> <span class='ocrx_word' id='word_1_91' title='bbox 941 2725 979 2796; x_wconf 90' lang='lat' dir='ltr'><strong>et</strong></span> <span class='ocrx_word' id='word_1_92' title='bbox 997 2711 1300 2816; x_wconf 86' lang='lat' dir='ltr'><strong>Bochu&#39;eusibus,</strong></span> <span class='ocrx_word' id='word_1_93' title='bbox 1321 2714 1391 2830; x_wconf 88' lang='lat' dir='ltr'><strong>ipsi</strong></span> <span class='ocrx_word' id='word_1_94' title='bbox 1412 2725 1449 2799; x_wconf 89' lang='lat' dir='ltr'><strong>et</strong></span> <span class='ocrx_word' id='word_1_95' title='bbox 1463 2713 1629 2830; x_wconf 89' lang='lat' dir='ltr'><strong>ipsorum</strong></span> <span class='ocrx_word' id='word_1_96' title='bbox 1646 2712 1805 2826; x_wconf 83' lang='lat' dir='ltr'><strong>quiiibet,</strong></span> <span class='ocrx_word' id='word_1_97' title='bbox 1825 2713 1897 2825; x_wconf 88' lang='lat' dir='ltr'><strong>vijs</strong></span> <span class='ocrx_word' id='word_1_98' title='bbox 1914 2715 2087 2798; x_wconf 83' lang='lat' dir='ltr'><strong>omnibns</strong></span> 
     </span>
     <span class='ocr_line' id='line_1_14' title="bbox 358 2826 2088 2968; baseline -0.002 -49"><span class='ocrx_word' id='word_1_99' title='bbox 358 2933 362 2940; x_wconf 27' lang='lat'>¹</span> <span class='ocrx_word' id='word_1_100' title='bbox 456 2831 737 2934; x_wconf 77' lang='lat' dir='ltr'><strong>directioribuS,</strong></span> <span class='ocrx_word' id='word_1_101' title='bbox 767 2855 933 2941; x_wconf 71' lang='lat' dir='ltr'><strong>seuuua</strong></span> <span class='ocrx_word' id='word_1_102' title='bbox 952 2829 1136 2916; x_wconf 86' lang='lat' dir='ltr'><strong>voluerint</strong></span> <span class='ocrx_word' id='word_1_103' title='bbox 1155 2830 1235 2916; x_wconf 90' lang='lat' dir='ltr'><strong>siue</strong></span> <span class='ocrx_word' id='word_1_104' title='bbox 1249 2858 1324 2944; x_wconf 87' lang='lat' dir='ltr'><strong>per</strong></span> <span class='ocrx_word' id='word_1_105' title='bbox 1345 2846 1502 2934; x_wconf 87' lang='lat' dir='ltr'><strong>terram,</strong></span> <span class='ocrx_word' id='word_1_106' title='bbox 1533 2832 1614 2916; x_wconf 88' lang='lat' dir='ltr'><strong>siue</strong></span> <span class='ocrx_word' id='word_1_107' title='bbox 1631 2859 1704 2968; x_wconf 83' lang='lat' dir='ltr'><strong>per</strong></span> <span class='ocrx_word' id='word_1_108' title='bbox 1723 2853 1879 2942; x_wconf 88' lang='lat' dir='ltr'><strong>aquam,</strong></span> <span class='ocrx_word' id='word_1_109' title='bbox 1910 2826 2027 2917; x_wconf 87' lang='lat' dir='ltr'><strong>iibere</strong></span> <span class='ocrx_word' id='word_1_110' title='bbox 2048 2843 2088 2916; x_wconf 88' lang='lat' dir='ltr'><strong>et</strong></span> 
     </span>
     <span class='ocr_line' id='line_1_15' title="bbox 323 2946 2087 3069; baseline -0.002 -31"><span class='ocrx_word' id='word_1_111' title='bbox 323 3019 345 3050; x_wconf 70' lang='lat'><em>„</em></span> <span class='ocrx_word' id='word_1_112' title='bbox 455 2963 601 3057; x_wconf 83' lang='lat' dir='ltr'><strong>secure,</strong></span> <span class='ocrx_word' id='word_1_113' title='bbox 632 2949 777 3059; x_wconf 88' lang='lat' dir='ltr'><strong>absque</strong></span> <span class='ocrx_word' id='word_1_114' title='bbox 799 2949 899 3036; x_wconf 89' lang='lat' dir='ltr'><strong>omni</strong></span> <span class='ocrx_word' id='word_1_115' title='bbox 919 2971 1239 3059; x_wconf 89' lang='lat' dir='ltr'><strong>quorumcumque</strong></span> <span class='ocrx_word' id='word_1_116' title='bbox 1258 2947 1534 3066; x_wconf 89' lang='lat' dir='ltr'><strong>impedimento,</strong></span> <span class='ocrx_word' id='word_1_117' title='bbox 1559 2947 1610 3036; x_wconf 88' lang='lat' dir='ltr'><strong>ad</strong></span> <span class='ocrx_word' id='word_1_118' title='bbox 1630 2979 1795 3069; x_wconf 80' lang='lat' dir='ltr'><strong>ipsorum</strong></span> <span class='ocrx_word' id='word_1_119' title='bbox 1818 2946 2087 3064; x_wconf 84' lang='lat' dir='ltr'><strong>depositorium</strong></span> 
     </span>
     <span class='ocr_line' id='line_1_16' title="bbox 454 3065 2088 3186; baseline 0.001 -32"><span class='ocrx_word' id='word_1_120' title='bbox 454 3071 681 3186; x_wconf 78' lang='lat' dir='ltr'><strong>praefatum,</strong></span> <span class='ocrx_word' id='word_1_121' title='bbox 713 3065 871 3171; x_wconf 87' lang='lat' dir='ltr'><strong>ducere,</strong></span> <span class='ocrx_word' id='word_1_122' title='bbox 901 3065 1091 3182; x_wconf 86' lang='lat' dir='ltr'><strong>proiicisci</strong></span> <span class='ocrx_word' id='word_1_123' title='bbox 1113 3079 1151 3152; x_wconf 89' lang='lat' dir='ltr'><strong>et</strong></span> <span class='ocrx_word' id='word_1_124' title='bbox 1170 3094 1298 3152; x_wconf 89' lang='lat' dir='ltr'><strong>meare</strong></span> <span class='ocrx_word' id='word_1_125' title='bbox 1318 3067 1499 3183; x_wconf 90' lang='lat' dir='ltr'><strong>poterint,</strong></span> <span class='ocrx_word' id='word_1_126' title='bbox 1528 3083 1706 3179; x_wconf 90' lang='lat' dir='ltr'><strong>quantum</strong></span> <span class='ocrx_word' id='word_1_127' title='bbox 1728 3067 1911 3154; x_wconf 82' lang='lat' dir='ltr'><strong>voluerint</strong></span> <span class='ocrx_word' id='word_1_128' title='bbox 1931 3069 2088 3170; x_wconf 66' lang='lat' dir='ltr'><strong>eisaie</strong></span> 
     </span>
     <span class='ocr_line' id='line_1_17' title="bbox 455 3181 2088 3304; baseline -0.001 -31"><span class='ocrx_word' id='word_1_129' title='bbox 455 3187 558 3275; x_wconf 87' lang='lat' dir='ltr'><strong>bunt.</strong></span> <span class='ocrx_word' id='word_1_130' title='bbox 602 3185 798 3298; x_wconf 85' lang='lat' dir='ltr'><strong>Quocirca</strong></span> <span class='ocrx_word' id='word_1_131' title='bbox 819 3185 928 3270; x_wconf 86' lang='lat' dir='ltr'><strong>vobis</strong></span> <span class='ocrx_word' id='word_1_132' title='bbox 949 3184 1181 3299; x_wconf 87' lang='lat' dir='ltr'><strong>Capitaueis,</strong></span> <span class='ocrx_word' id='word_1_133' title='bbox 1208 3181 1445 3304; x_wconf 78' lang='lat' dir='ltr'><strong>Burgrabijs,</strong></span> <span class='ocrx_word' id='word_1_134' title='bbox 1466 3185 1690 3302; x_wconf 85' lang='lat' dir='ltr'><strong>Tenutarijs,</strong></span> <span class='ocrx_word' id='word_1_135' title='bbox 1714 3184 2029 3272; x_wconf 88' lang='lat' dir='ltr'><strong>Procuratoribus</strong></span> <span class='ocrx_word' id='word_1_136' title='bbox 2050 3197 2088 3271; x_wconf 88' lang='lat' dir='ltr'><strong>et</strong></span> 
     </span>
     <span class='ocr_line' id='line_1_18' title="bbox 456 3295 2087 3420; baseline -0.002 -28"><span class='ocrx_word' id='word_1_137' title='bbox 456 3303 644 3392; x_wconf 89' lang='lat' dir='ltr'><strong>ciuitatum</strong></span> <span class='ocrx_word' id='word_1_138' title='bbox 656 3331 984 3420; x_wconf 71' lang='lat' dir='ltr'><strong>‚quarumcumque</strong></span> <span class='ocrx_word' id='word_1_139' title='bbox 1006 3301 1243 3405; x_wconf 88' lang='lat' dir='ltr'><strong>Rectoribus,</strong></span> <span class='ocrx_word' id='word_1_140' title='bbox 1271 3331 1342 3388; x_wconf 89' lang='lat' dir='ltr'><strong>neo</strong></span> <span class='ocrx_word' id='word_1_141' title='bbox 1362 3331 1437 3388; x_wconf 91' lang='lat' dir='ltr'><strong>non</strong></span> <span class='ocrx_word' id='word_1_142' title='bbox 1460 3295 1820 3405; x_wconf 85' lang='lat' dir='ltr'><strong>Theloueatoribus,</strong></span> <span class='ocrx_word' id='word_1_143' title='bbox 1850 3300 2087 3390; x_wconf 84' lang='lat' dir='ltr'><strong>Oibciaiibus</strong></span> 
     </span>
     <span class='ocr_line' id='line_1_19' title="bbox 456 3411 2087 3542; baseline -0.002 -35"><span class='ocrx_word' id='word_1_144' title='bbox 456 3421 774 3542; x_wconf 86' lang='lat' dir='ltr'><strong>quibuscumque,</strong></span> <span class='ocrx_word' id='word_1_145' title='bbox 807 3421 869 3540; x_wconf 89' lang='lat' dir='ltr'><strong>qui</strong></span> <span class='ocrx_word' id='word_1_146' title='bbox 890 3420 1127 3536; x_wconf 88' lang='lat' dir='ltr'><strong>presentibus</strong></span> <span class='ocrx_word' id='word_1_147' title='bbox 1147 3419 1281 3506; x_wconf 80' lang='lat' dir='ltr'><strong>fuerint</strong></span> <span class='ocrx_word' id='word_1_148' title='bbox 1300 3421 1483 3538; x_wconf 76' lang='lat' dir='ltr'><strong>requisiti,</strong></span> <span class='ocrx_word' id='word_1_149' title='bbox 1516 3420 1776 3522; x_wconf 84' lang='lat' dir='ltr'><strong>committimus</strong></span> <span class='ocrx_word' id='word_1_150' title='bbox 1799 3433 1834 3506; x_wconf 88' lang='lat' dir='ltr'><strong>et</strong></span> <span class='ocrx_word' id='word_1_151' title='bbox 1854 3411 2087 3520; x_wconf 80' lang='lat' dir='ltr'><strong>marudamus,</strong></span> 
     </span>
     <span class='ocr_line' id='line_1_20' title="bbox 386 3537 2088 3660; baseline -0.002 -34"><span class='ocrx_word' id='word_1_152' title='bbox 386 3548 389 3556; x_wconf 81' lang='grc'>’</span> <span class='ocrx_word' id='word_1_153' title='bbox 457 3555 641 3660; x_wconf 88' lang='lat' dir='ltr'><strong>quatenus</strong></span> <span class='ocrx_word' id='word_1_154' title='bbox 673 3539 777 3624; x_wconf 86' lang='lat' dir='ltr'><strong>ciues</strong></span> <span class='ocrx_word' id='word_1_155' title='bbox 809 3543 846 3623; x_wconf 90' lang='lat' dir='ltr'><strong>et</strong></span> <span class='ocrx_word' id='word_1_156' title='bbox 872 3537 1015 3624; x_wconf 89' lang='lat' dir='ltr'><strong>iucoias</strong></span> <span class='ocrx_word' id='word_1_157' title='bbox 1044 3538 1167 3624; x_wconf 88' lang='lat' dir='ltr'><strong>dictae</strong></span> <span class='ocrx_word' id='word_1_158' title='bbox 1192 3537 1348 3625; x_wconf 90' lang='lat' dir='ltr'><strong>ciuitatis</strong></span> <span class='ocrx_word' id='word_1_159' title='bbox 1369 3551 1523 3625; x_wconf 89' lang='lat' dir='ltr'><strong>nostrae</strong></span> <span class='ocrx_word' id='word_1_160' title='bbox 1553 3543 1886 3640; x_wconf 66' lang='lat' dir='ltr'><strong>Sandomiriensi,</strong></span> <span class='ocrx_word' id='word_1_161' title='bbox 1907 3538 2088 3656; x_wconf 73' lang='lat' dir='ltr'><strong>¹pervias</strong></span> 
     </span>
     <span class='ocr_line' id='line_1_21' title="bbox 456 3653 2150 3776; baseline -0.002 -33"><span class='ocrx_word' id='word_1_162' title='bbox 456 3656 547 3776; x_wconf 91' lang='lat' dir='ltr'><strong>ipsis</strong></span> <span class='ocrx_word' id='word_1_163' title='bbox 578 3655 816 3753; x_wconf 75' lang='lat' dir='ltr'><strong>(inertiores,</strong></span> <span class='ocrx_word' id='word_1_164' title='bbox 854 3687 938 3742; x_wconf 88' lang='lat' dir='ltr'><strong>oum</strong></span> <span class='ocrx_word' id='word_1_165' title='bbox 970 3655 1049 3741; x_wconf 88' lang='lat' dir='ltr'><strong>saie</strong></span> <span class='ocrx_word' id='word_1_166' title='bbox 1078 3655 1129 3743; x_wconf 91' lang='lat' dir='ltr'><strong>de</strong></span> <span class='ocrx_word' id='word_1_167' title='bbox 1159 3653 1302 3772; x_wconf 89' lang='lat' dir='ltr'><strong>Zuppis</strong></span> <span class='ocrx_word' id='word_1_168' title='bbox 1333 3658 1494 3762; x_wconf 82' lang='lat' dir='ltr'><strong>nostris,</strong></span> <span class='ocrx_word' id='word_1_169' title='bbox 1530 3654 1580 3742; x_wconf 90' lang='lat' dir='ltr'><strong>ad</strong></span> <span class='ocrx_word' id='word_1_170' title='bbox 1617 3657 1786 3774; x_wconf 89' lang='lat' dir='ltr'><strong>ipsorum</strong></span> <span class='ocrx_word' id='word_1_171' title='bbox 1820 3654 2089 3774; x_wconf 85' lang='lat' dir='ltr'><strong>depositorium</strong></span> <span class='ocrx_word' id='word_1_172' title='bbox 2145 3665 2150 3672; x_wconf 80' lang='grc'>’</span> 
     </span>
     <span class='ocr_line' id='line_1_22' title="bbox 456 3767 2088 3890; baseline -0.002 -30"><span class='ocrx_word' id='word_1_173' title='bbox 456 3787 600 3878; x_wconf 79' lang='lat' dir='ltr'><strong>eunice,</strong></span> <span class='ocrx_word' id='word_1_174' title='bbox 622 3773 702 3858; x_wconf 87' lang='lat' dir='ltr'><strong>siue</strong></span> <span class='ocrx_word' id='word_1_175' title='bbox 723 3801 793 3888; x_wconf 89' lang='lat' dir='ltr'><strong>per</strong></span> <span class='ocrx_word' id='word_1_176' title='bbox 812 3770 962 3860; x_wconf 93' lang='lat' dir='ltr'><strong>Nouam</strong></span> <span class='ocrx_word' id='word_1_177' title='bbox 983 3773 1180 3860; x_wconf 89' lang='lat' dir='ltr'><strong>Ciuitatem</strong></span> <span class='ocrx_word' id='word_1_178' title='bbox 1201 3775 1370 3878; x_wconf 85' lang='lat' dir='ltr'><strong>Corozin,</strong></span> <span class='ocrx_word' id='word_1_179' title='bbox 1392 3775 1473 3862; x_wconf 89' lang='lat' dir='ltr'><strong>siue</strong></span> <span class='ocrx_word' id='word_1_180' title='bbox 1488 3803 1558 3890; x_wconf 88' lang='lat' dir='ltr'><strong>per</strong></span> <span class='ocrx_word' id='word_1_181' title='bbox 1574 3769 1735 3861; x_wconf 88' lang='lat' dir='ltr'><strong>Wisiam</strong></span> <span class='ocrx_word' id='word_1_182' title='bbox 1757 3773 1939 3861; x_wconf 83' lang='lat' dir='ltr'><strong>fluctuare</strong></span> <span class='ocrx_word' id='word_1_183' title='bbox 1958 3767 2088 3860; x_wconf 84' lang='lat' dir='ltr'><strong>volen-</strong></span> 
     </span>
     <span class='ocr_line' id='line_1_23' title="bbox 454 3889 2088 4010; baseline -0.002 -29"><span class='ocrx_word' id='word_1_184' title='bbox 454 3908 523 3997; x_wconf 73' lang='lat' dir='ltr'><strong>tes</strong></span> <span class='ocrx_word' id='word_1_185' title='bbox 544 3892 598 3978; x_wconf 90' lang='lat' dir='ltr'><strong>ire</strong></span> <span class='ocrx_word' id='word_1_186' title='bbox 613 3890 961 4006; x_wconf 87' lang='lat' dir='ltr'><strong>iibere&#39;permittatis</strong></span> <span class='ocrx_word' id='word_1_187' title='bbox 977 3892 1122 3994; x_wconf 88' lang='lat' dir='ltr'><strong>tuticus,</strong></span> <span class='ocrx_word' id='word_1_188' title='bbox 1144 3892 1315 4010; x_wconf 87' lang='lat' dir='ltr'><strong>quotiens</strong></span> <span class='ocrx_word' id='word_1_189' title='bbox 1336 3891 1405 3980; x_wconf 92' lang='lat' dir='ltr'><strong>iIIis</strong></span> <span class='ocrx_word' id='word_1_190' title='bbox 1426 3921 1522 4009; x_wconf 88' lang='lat' dir='ltr'><strong>opus</strong></span> <span class='ocrx_word' id='word_1_191' title='bbox 1540 3891 1652 3978; x_wconf 85' lang='lat' dir='ltr'><strong>fuerit</strong></span> <span class='ocrx_word' id='word_1_192' title='bbox 1672 3905 1709 3978; x_wconf 88' lang='lat' dir='ltr'><strong>et</strong></span> <span class='ocrx_word' id='word_1_193' title='bbox 1724 3921 1896 3990; x_wconf 87' lang='lat' dir='ltr'><strong>necesse.</strong></span> <span class='ocrx_word' id='word_1_194' title='bbox 1930 3889 2088 4008; x_wconf 71' lang='lat' dir='ltr'><strong>Harum,</strong></span> 
     </span>
     <span class='ocr_line' id='line_1_24' title="bbox 456 4007 2089 4127; baseline -0.002 -31"><span class='ocrx_word' id='word_1_195' title='bbox 456 4010 589 4126; x_wconf 89' lang='lat' dir='ltr'><strong>quibus</strong></span> <span class='ocrx_word' id='word_1_196' title='bbox 624 4007 785 4126; x_wconf 76' lang='lat' dir='ltr'><strong>sigilium</strong></span> <span class='ocrx_word' id='word_1_197' title='bbox 813 4024 980 4098; x_wconf 90' lang='lat' dir='ltr'><strong>nostrum</strong></span> <span class='ocrx_word' id='word_1_198' title='bbox 1010 4010 1144 4112; x_wconf 57' lang='lat' dir='ltr'><strong>minus,</strong></span> <span class='ocrx_word' id='word_1_199' title='bbox 1161 4010 1424 4127; x_wconf 85' lang='lat' dir='ltr'><strong>praesentibus</strong></span> <span class='ocrx_word' id='word_1_200' title='bbox 1453 4024 1518 4096; x_wconf 89' lang='lat' dir='ltr'><strong>est</strong></span> <span class='ocrx_word' id='word_1_201' title='bbox 1537 4009 1831 4127; x_wconf 90' lang='lat' dir='ltr'><strong>subappensum.</strong></span> <span class='ocrx_word' id='word_1_202' title='bbox 1875 4009 2021 4118; x_wconf 65' lang='lat' dir='ltr'><strong>[Datum</strong></span> <span class='ocrx_word' id='word_1_203' title='bbox 2053 4009 2089 4092; x_wconf 88' lang='lat' dir='ltr'><strong>iu</strong></span> 
     </span>
     <span class='ocr_line' id='line_1_25' title="bbox 455 4118 2090 4245; baseline -0.002 -32"><span class='ocrx_word' id='word_1_204' title='bbox 455 4135 619 4226; x_wconf 83' lang='lat' dir='ltr'><strong>Iiodom,</strong></span> <span class='ocrx_word' id='word_1_205' title='bbox 651 4127 742 4213; x_wconf 85' lang='lat' dir='ltr'><strong>ieria</strong></span> <span class='ocrx_word' id='word_1_206' title='bbox 762 4127 871 4214; x_wconf 88' lang='lat' dir='ltr'><strong>tertia</strong></span> <span class='ocrx_word' id='word_1_207' title='bbox 890 4127 1061 4245; x_wconf 88' lang='lat' dir='ltr'><strong>proxima</strong></span> <span class='ocrx_word' id='word_1_208' title='bbox 1082 4143 1168 4214; x_wconf 84' lang='lat' dir='ltr'><strong>ante</strong></span> <span class='ocrx_word' id='word_1_209' title='bbox 1188 4130 1322 4216; x_wconf 86' lang='lat' dir='ltr'><strong>iestum</strong></span> <span class='ocrx_word' id='word_1_210' title='bbox 1354 4128 1485 4215; x_wconf 88' lang='lat' dir='ltr'><strong>Sancti</strong></span> <span class='ocrx_word' id='word_1_211' title='bbox 1512 4126 1610 4215; x_wconf 89' lang='lat' dir='ltr'><strong>Galli</strong></span> <span class='ocrx_word' id='word_1_212' title='bbox 1630 4126 1797 4230; x_wconf 87' lang='lat' dir='ltr'><strong>abbatis,</strong></span> <span class='ocrx_word' id='word_1_213' title='bbox 1829 4132 1930 4216; x_wconf 85' lang='lat' dir='ltr'><strong>auiuo</strong></span> <span class='ocrx_word' id='word_1_214' title='bbox 1952 4118 2090 4214; x_wconf 85' lang='lat' dir='ltr'><strong>domiui</strong></span> 
     </span>
     <span class='ocr_line' id='line_1_26' title="bbox 458 4242 2091 4364; baseline -0.002 -35"><span class='ocrx_word' id='word_1_215' title='bbox 458 4242 651 4364; x_wconf 80' lang='lat' dir='ltr'><strong>millesimo</strong></span> <span class='ocrx_word' id='word_1_216' title='bbox 672 4247 941 4360; x_wconf 86' lang='lat' dir='ltr'><strong>trecentesimo</strong></span> <span class='ocrx_word' id='word_1_217' title='bbox 957 4247 1218 4364; x_wconf 84' lang='lat' dir='ltr'><strong>nonagesimo.</strong></span> <span class='ocrx_word' id='word_1_218' title='bbox 1270 4247 1542 4334; x_wconf 86' lang='lat' dir='ltr'><strong>Praesentibus</strong></span> <span class='ocrx_word' id='word_1_219' title='bbox 1571 4245 1662 4364; x_wconf 84' lang='lat' dir='ltr'><strong>hijs:</strong></span> <span class='ocrx_word' id='word_1_220' title='bbox 1692 4242 1924 4361; x_wconf 79' lang='lat' dir='ltr'><strong>Drogomiro</strong></span> <span class='ocrx_word' id='word_1_221' title='bbox 1953 4242 2091 4328; x_wconf 86' lang='lat' dir='ltr'><strong>Judice</strong></span> 
     </span>
     <span class='ocr_line' id='line_1_27' title="bbox 460 4357 2090 4466; baseline -0.004 -16"><span class='ocrx_word' id='word_1_222' title='bbox 460 4363 720 4466; x_wconf 76' lang='lat' dir='ltr'><strong>CraoouiensI,</strong></span> <span class='ocrx_word' id='word_1_223' title='bbox 745 4363 940 4451; x_wconf 88' lang='lat' dir='ltr'><strong>Praudota</strong></span> <span class='ocrx_word' id='word_1_224' title='bbox 962 4361 1166 4451; x_wconf 89' lang='lat' dir='ltr'><strong>Subiudioe</strong></span> <span class='ocrx_word' id='word_1_225' title='bbox 1187 4363 1505 4464; x_wconf 89' lang='lat' dir='ltr'><strong>Sandomiriensi,</strong></span> <span class='ocrx_word' id='word_1_226' title='bbox 1538 4363 1729 4450; x_wconf 89' lang='lat' dir='ltr'><strong>Stauisiao</strong></span> <span class='ocrx_word' id='word_1_227' title='bbox 1749 4363 1937 4450; x_wconf 88' lang='lat' dir='ltr'><strong>Pincerna</strong></span> <span class='ocrx_word' id='word_1_228' title='bbox 1955 4357 2090 4444; x_wconf 87' lang='lat' dir='ltr'><strong>Lanci-</strong></span> 
     </span>
    </p>
   </div>
   <div class='ocr_carea' id='block_1_6' title="bbox 456 4475 2213 4595">
    <p class='ocr_par' dir='ltr' id='par_1_6' title="bbox 456 4475 2213 4595">
     <span class='ocr_line' id='line_1_28' title="bbox 456 4475 2213 4595; baseline -0.002 -29"><span class='ocrx_word' id='word_1_229' title='bbox 456 4479 593 4586; x_wconf 89' lang='lat' dir='ltr'><strong>oiensi,</strong></span> <span class='ocrx_word' id='word_1_230' title='bbox 622 4477 817 4568; x_wconf 85' lang='lat' dir='ltr'><strong>Dobesiao</strong></span> <span class='ocrx_word' id='word_1_231' title='bbox 839 4480 1099 4594; x_wconf 89' lang='lat' dir='ltr'><strong>Subpincerna</strong></span> <span class='ocrx_word' id='word_1_232' title='bbox 1120 4478 1357 4595; x_wconf 89' lang='lat' dir='ltr'><strong>Syradiensi,</strong></span> <span class='ocrx_word' id='word_1_233' title='bbox 1382 4480 1546 4568; x_wconf 84' lang='lat' dir='ltr'><strong>Crisiino</strong></span> <span class='ocrx_word' id='word_1_234' title='bbox 1568 4478 1617 4566; x_wconf 92' lang='lat' dir='ltr'><strong>de</strong></span> <span class='ocrx_word' id='word_1_235' title='bbox 1641 4485 1789 4567; x_wconf 82' lang='lat' dir='ltr'><strong>Ostrow</strong></span> <span class='ocrx_word' id='word_1_236' title='bbox 1810 4475 1984 4595; x_wconf 78' lang='lat' dir='ltr'><strong>Magistri</strong></span> <span class='ocrx_word' id='word_1_237' title='bbox 2006 4475 2090 4588; x_wconf 89' lang='lat' dir='ltr'><strong>(sic)</strong></span> <span class='ocrx_word' id='word_1_238' title='bbox 2210 4478 2213 4484; x_wconf 80' lang='grc'><strong>’</strong></span> 
     </span>
    </p>
   </div>
   <div class='ocr_carea' id='block_1_7' title="bbox 457 4593 2091 4720">
    <p class='ocr_par' dir='ltr' id='par_1_7' title="bbox 457 4593 2091 4720">
     <span class='ocr_line' id='line_1_29' title="bbox 457 4593 2091 4720; baseline -0.002 -36"><span class='ocrx_word' id='word_1_239' title='bbox 457 4597 594 4686; x_wconf 87' lang='lat' dir='ltr'><strong>Curiae</strong></span> <span class='ocrx_word' id='word_1_240' title='bbox 614 4597 890 4720; x_wconf 77' lang='lat' dir='ltr'><strong>serenissimae</strong></span> <span class='ocrx_word' id='word_1_241' title='bbox 911 4597 1096 4714; x_wconf 88' lang='lat' dir='ltr'><strong>Principis</strong></span> <span class='ocrx_word' id='word_1_242' title='bbox 1117 4596 1302 4687; x_wconf 90' lang='lat' dir='ltr'><strong>Dominae</strong></span> <span class='ocrx_word' id='word_1_243' title='bbox 1317 4598 1518 4716; x_wconf 86' lang='lat' dir='ltr'><strong>Hedvigis,</strong></span> <span class='ocrx_word' id='word_1_244' title='bbox 1540 4599 1728 4686; x_wconf 85' lang='lat' dir='ltr'><strong>consortis</strong></span> <span class='ocrx_word' id='word_1_245' title='bbox 1744 4611 1899 4685; x_wconf 90' lang='lat' dir='ltr'><strong>nostrae</strong></span> <span class='ocrx_word' id='word_1_246' title='bbox 1915 4593 2091 4682; x_wconf 87' lang='lat' dir='ltr'><strong>cbarissi-</strong></span> 
     </span>
    </p>
   </div>
   <div class='ocr_carea' id='block_1_8' title="bbox 561 4833 1586 4944">
    <p class='ocr_par' dir='ltr' id='par_1_8' title="bbox 561 4833 1586 4944">
     <span class='ocr_line' id='line_1_30' title="bbox 561 4833 1586 4944; baseline -0.022 -27"><span class='ocrx_word' id='word_1_247' title='bbox 561 4845 602 4928; x_wconf 77' lang='lat' dir='ltr'><strong>I¹i</strong></span> <span class='ocrx_word' id='word_1_248' title='bbox 631 4849 658 4912; x_wconf 88' lang='grc' dir='ltr'>Ε</span> <span class='ocrx_word' id='word_1_249' title='bbox 675 4847 754 4913; x_wconf 88' lang='lat' dir='ltr'><strong>Iibro</strong></span> <span class='ocrx_word' id='word_1_250' title='bbox 770 4846 898 4913; x_wconf 83' lang='lat' dir='ltr'><strong>Matrica</strong></span> <span class='ocrx_word' id='word_1_251' title='bbox 913 4846 1010 4931; x_wconf 76' lang='lat' dir='ltr'><strong>Iiegui</strong></span> <span class='ocrx_word' id='word_1_252' title='bbox 1026 4847 1108 4913; x_wconf 87' lang='lat' dir='ltr'><strong>dicto</strong></span> <span class='ocrx_word' id='word_1_253' title='bbox 1122 4845 1177 4912; x_wconf 68' lang='grc' dir='ltr'><strong>Νιο</strong></span> <span class='ocrx_word' id='word_1_254' title='bbox 1191 4843 1301 4915; x_wconf 82' lang='lat' dir='ltr'>XCIII.</span> <span class='ocrx_word' id='word_1_255' title='bbox 1316 4865 1344 4930; x_wconf 88' lang='lat' dir='ltr'><strong>p.</strong></span> <span class='ocrx_word' id='word_1_256' title='bbox 1359 4844 1430 4912; x_wconf 72' lang='lat'>324.</span> <span class='ocrx_word' id='word_1_257' title='bbox 1448 4861 1450 4876; x_wconf 89' lang='grc'><strong><em>·</em></strong></span> <span class='ocrx_word' id='word_1_258' title='bbox 1536 4833 1550 4856; x_wconf 72' lang='grc'><strong>“</strong></span> <span class='ocrx_word' id='word_1_259' title='bbox 1580 4927 1586 4944; x_wconf 61' lang='lat'><strong>,</strong></span> 
     </span>
    </p>
   </div>
   <div class='ocr_carea' id='block_1_9' title="bbox 0 0 2400 5952">
    <p class='ocr_par' dir='ltr' id='par_1_9' title="bbox 0 0 2400 5952">
     <span class='ocr_line' id='line_1_31' title="bbox 0 0 2400 5952; baseline 0 0"><span class='ocrx_word' id='word_1_260' title='bbox 0 0 2400 5952; x_wconf 95' lang='lat' dir='ltr'><strong> </strong></span> 
     </span>
    </p>
   </div>
  </div>
 </body>
</html>
