4918 5926
1133 683 1492 817 -ss-ouo-.

451 983 547 1057 mus,
569 949 671 1068 quod
690 955 861 1068 protacta
876 947 963 1062 jura
985 973 1115 1034 coram
1134 943 1246 1032 nobis
1267 973 1336 1031 seu
1350 955 1481 1032 nostro
1504 942 1712 1058 Capitaneo
1730 941 1891 1058 Majoris
1909 941 2085 1050 Polouie,

412 1111 415 1128 ·
452 1088 489 1160 et
509 1101 585 1172 non
606 1070 679 1156 alio
693 1064 822 1185 judice
842 1066 879 1152 in
896 1063 1042 1182 Regno
1062 1075 1193 1150 nostro
1215 1062 1388 1167 Polonie,
1416 1059 1497 1150 lieri
1518 1060 1601 1174 (sic)
1623 1058 1798 1150 debeant.
1838 1061 1881 1152 ln
1902 1061 2010 1178 cuju
2029 1064 2084 1151 rei

451 1187 710 1395 tlpstimoniGupo7
736 1182 1113 1390 prespnfflterapp
1135 1183 1252 1386 posui
1270 1180 1383 1316 sigilli
1393 1181 1603 1386 poppimiuc
1624 1175 2083 1388 duuptttsrobpnrppdam.

515 1323 588 1394 tum
685 1335 791 1403 erce,
854 1333 876 1389 a
1022 1329 1072 1388 un
1168 1329 1362 1388 omnucam
1419 1329 1443 1388 u
1483 1329 1547 1406 ea,
1578 1326 1679 1388 anun
1738 1327 1850 1388 ommi
1964 1327 2084 1390 esomu

379 1425 385 1444 '
450 1337 705 1512 triientesimo
726 1418 971 1540 sexagesimo
991 1435 1111 1507 sexto.
1142 1418 1390 1511 presentibus
1411 1401 1626 1540 Magnilicis
1644 1415 1896 1534 Principibus:
1917 1415 2084 1508 Henrico

453 1541 653 1660 Glogouie,
676 1540 848 1659 Georgio
869 1539 1064 1657 Lijwonic,
1084 1535 1266 1644 Ducibus
1290 1537 1509 1626 Themislao
1528 1536 1665 1624 ludios
1684 1533 1929 1627 Cloclissiensi
1944 1551 1988 1627 et
2002 1534 2084 1650 alijs

449 1658 526 1746 fide
547 1656 683 1780 dignis.
725 1659 804 1746 Per
823 1687 958 1746 manus
981 1656 1119 1745 domini
1140 1655 1294 1745 Ottonis
1316 1656 1539 1773 Cancellurij
1561 1653 1733 1744 Polonie.
1796 1749 1802 1766 ,

1172 1933 1365 2090 emur.

517 2265 522 2277 ·
624 2199 954 2336 meam,
980 2235 1317 2385 nemauso
1345 2242 1397 2325 o.
1424 2172 1656 2340 arom.
1682 2240 1865 2346 soon.
1929 2196 1932 2206 ’
1998 2188 2003 2196 ’

474 2411 749 2528 autminus
764 2443 831 2516 lton
845 2387 1055 2518 conditionem
1069 2440 1240 2516 sunnon
1255 2440 1286 2514 in
1303 2427 1504 2532 Morzyoooo
1519 2441 1735 2517 cl’rroomlao
1749 2439 1891 2530 tolutim
1907 2440 2071 2518 Goloienoi

841 2543 964 2618 curtam
980 2541 1119 2617 cronon
1134 2560 1193 2614 oon
1206 2541 1328 2616 tarsus
1341 2543 1459 2618 tactum
1474 2543 1627 2637 approbat
1641 2545 1690 2632 (¹).
1779 2657 1784 2664 '
2181 2583 2185 2588 -

442 2769 445 2778 ’
554 2767 669 2856 1562.
701 2765 1195 2886 SigismundusAugustus
1226 2783 1297 2854 etc.
1346 2763 1616 2888 significamus
1648 2781 1718 2854 etc.
1769 2763 1964 2857 Exhibitus
1995 2799 2084 2858 esse

349 2917 356 2936 ·
450 2887 560 2975 nobis
590 2916 660 3005 per
688 2899 813 2974 certos
843 2883 1077 2974 consiliarios
1097 2897 1252 2974 nostros
1282 2886 1432 2973 nomine
1462 2881 1650 3004 Laurenti]
1680 2882 1835 2974 Scolteti
1864 2888 1902 2974 in
1927 2885 2084 3002 Morzy'·

448 3039 573 3108 nowo,
605 3004 732 3092 literas
752 3005 1045 3124 inpargameno
1066 3005 1248 3122 scriptas,
1277 3003 1405 3092 saluas
1425 3019 1463 3092 et
1482 3005 1669 3124 integras,
1696 3033 1744 3091 ac
1765 3003 1887 3126 sigillo
1910 3005 2083 3094 Serenis-

441 3125 532 3214 simi
572 3117 658 3210 olim
696 3118 869 3208 Carioniri
904 3121 1088 3210 Poloniae
1123 3119 1267 3244 Regis,
1330 3120 1615 3210 racdeoessoris
1650 3124 1790 3229 nostri,
1827 3127 2083 3226 communitas,

444 3241 770 3343 ,confirmationem
792 3237 1003 3328 donationis
1025 3237 1193 3328 eiusdem
1223 3151 1425 3330 Scoltetiae
1452 3239 1656 3329 maioribus
1682 3241 1865 3359 praedicti
1896 3239 2082 3360 Laurentij
2119 3267 2123 3273 ’

448 3363 486 3449 in
507 3391 551 3448 se
572 3361 813 3446 continentes.
856 3357 1027 3474 Quarum
1049 3359 1238 3446 literarum
1259 3373 1368 3447 tenor
1389 3357 1615 3448 adverbum
1638 3357 1848 3476 descriptus
1869 3376 1928 3448 est
1948 3359 2049 3446 talis:

549 3475 903 3586 aerumnosior
925 3475 1083 3583 domici,
1114 3508 1234 3566 emen.
1284 3475 1348 3592 ,Ad
1383 3495 1599 3598 perpetuam
1621 3479 1675 3564 rei
1697 3479 1922 3565 memoriam.
1966 3475 2085 3592 Quod

344 3589 347 3598 ’
447 3596 602 3716 Regum
623 3594 702 3682 lreri
724 3593 893 3683 decreuit
912 3597 1139 3705 auctoritas,
1169 3611 1290 3684 ratum
1312 3610 1425 3714 atque
1445 3595 1578 3684 stabile
1598 3591 1711 3683 debet
1731 3609 1914 3716 perpetuo
1935 3625 2084 3718 perma-

445 3747 550 3802 nere.
607 3711 775 3801 Proinde
815 3712 1022 3802 Cazimirus
1054 3713 1113 3802 dei
1143 3715 1268 3832 gratia
1307 3712 1396 3804 Rex
1430 3714 1633 3822 Poloniae‚
1675 3743 1852 3804 necnon
1882 3713 2083 3802 Terrarum

450 3831 683 3938 Crucouiae,
715 3829 996 3940 Sandomiriae‚
1027 3833 1056 3920 S
1082 3831 1223 3940 radiae,
1242 3831 1464 3938 'Lanciciau
1487 3832 1677 3940 Cuiauiae,
1698 3831 1959 3940 Pomeraniae,
1979 3830 2084 3924 Rus-

448 3947 797 4086 siaeque‘dominus
819 3967 856 4038 et
876 3949 1023 4040 haeres.
1056 3865 1201 4039 llotum
1224 3949 1536 4070 lacimus'quibus
1558 3981 1605 4038 ex
1634 3950 1711 4037 edit
1730 3951 1933 4040 uniuersis:
1967 3949 2084 4068 Quod

447 4067 570 4156 fidelos
598 4067 715 4155 nostri
750 4067 924 4157 Czossek
953 4071 1047 4156 alias
1079 4067 1228 4157 Lasselr
1260 4065 1414 4158 Scolteti
1437 4069 1577 4190 antiqui
1599 3978 1648 4155 (le
1667 4073 1933 4186 Morzyooooo,
1966 4098 2097 4190 nuper-

448 4200 603 4272 nostrae
636 4183 822 4303 lllajestati
845 4186 970 4276 oblata
992 4189 1213 4308 supplicatio
1236 4189 1469 4294 continebat,
1501 4203 1684 4307 quatenus
1706 4187 1776 4276 sibi
1796 4187 1939 4276 literam
1965 4185 2085 4276 tidelis
2217 4223 2220 4230 ⁴
2285 4311 2291 4318 ι

448 4305 567 4390 nostri
588 4303 726 4391 domini
748 4305 943 4422 Przeczlaj
965 4305 1125 4394 Palatini
1149 4301 1389 4428 Calissiensis
1410 4324 1447 4394 et
1468 4307 1662 4428 Capitanei
1683 4303 1866 4396 Poloniao
1882 4304 2084 4428 generalis,

448 4422 566 4540 ipsius
588 4421 713 4544 sigillo
735 4451 907 4544 appenso
928 4423 1139 4544 sigillatam,
1161 4455 1294 4513 sanam
1315 4441 1352 4512 et
1370 4424 1567 4545 integram,
1589 4425 1764 4547 omnique
1782 4453 1941 4542 prorsus
1963 4423 2085 4628 suspi-

447 4542 547 4627 tione
568 4558 772 4647 carentem,
804 4541 942 4630 tenoris
963 4544 1181 4660 subscripti,
1203 4543 1436 4662 approbare,
1468 4545 1661 4648 innouare,
1683 4545 1867 4632 ratilrcare
1887 4558 1925 4630 et
1944 4571 2019 4630 con
2036 4569 2084 4640 or,-

369 4861 380 4880 ,
547 4791 586 4876 (¹)
615 4791 643 4858 E
662 4791 741 4858 libro
765 4812 858 4858 manu
880 4793 994 4876 scripto
1016 4793 1147 4860 Matrica
1168 4795 1266 4879 Regni
1287 4793 1388 4872 dieto,
1415 4793 1445 4859 in
1468 4793 1656 4862 varroniani
1674 4795 1828 4863 tabulario
1842 4795 1967 4880 puttioo,
1986 4783 2085 4878 liegni

445 4875 590 4942 Poloniae
607 4883 769 4955 asservato,
784 4877 840 4944 Nlo
855 4875 964 4945 XGlll.
980 4897 1009 4964 p.
1025 4877 1088 4944 423
1104 4877 1300 4965 descriptum.
1941 4927 1947 4940 .
