4800 5942
881 727 1267 802 ·-÷-3ot-

898 1026 900 1032 ·
1024 985 1239 1104 mxxv.

446 1223 787 1321 cracoviae,
814 1242 970 1309 amato
994 1221 1144 1310 1433
1171 1223 1222 1308 d.
1250 1219 1288 1306 3
1314 1221 1513 1307 monam
1538 1223 1833 1346 damnarit.

314 1427 552 1504 ommam
568 1427 663 1518 mu·
676 1425 823 1502 rotano
836 1421 1405 1612 wfflffiffliih
1418 1437 1489 1498 aa
1504 1384 1943 1518 stannus-nna

417 1751 460 1840 ln
481 1751 633 1840 nomine
653 1749 813 1855 domini,
843 1753 967 1838 amenss
1023 1749 1086 1838 Ad
1117 1763 1336 1867 perpetuam
1367 1749 1421 1836 rei
1453 1747 1681 1838 memoriam.
1738 1748 1839 1862 Quia
1868 1765 1956 1841 orno

319 1869 443 1958 multis
464 1899 635 1957 errorum
661 1884 699 1956 et
719 1867 916 1957 dubiorum
948 1867 1151 1986 prudenter
1182 1867 1415 1966 occurrimus
1445 1865 1676 1970 incomodis,
1706 1865 1795 1955 dum
1825 1885 1956 1956 nostro

316 1989 427 2076 etatis
448 1980 570 2105 geste',
592 1985 794 2074 litterarum
817 1986 997 2103 apicibus,
1019 2000 1057 2071 et
1076 1985 1224 2076 testium
1245 1985 1497 2072 annotocione
1516 1983 1805 2100 perbennamus.
1856 1986 1955 2074 Pro·
2103 2071 2106 2076 .

245 2205 253 2222 ι
316 2103 406 2192 inde
427 2133 498 2192 nos
520 2102 756 2192 Wladislaus
777 2102 839 2189 dei
859 2105 992 2221 gracia
1013 2103 1099 2190 Rex
1120 2101 1299 2207 Polonie,
1330 2131 1403 2187 neo
1423 2133 1499 2190 non
1520 2103 1723 2190 Terrarum
1756 2101 1955 2202 Cracovin
2028 2119 2033 2126 '

318 2221 578 2327 Sandomirie,
610 2219 780 2325 Siradie,
810 2219 1004 2325 Lanoicic,
1028 2219 1216 2336 Cnyavie,
1237 2217 1494 2334 Littuanieque
1514 2219 1700 2335 Princeps
1722 2219 1957 2337 Suppremus

317 2339 554 2445 Pomeranie,
575 2338 795 2457 Russieqoe
815 2337 990 2426 dominos
1010 2352 1046 2424 et
1060 2337 1174 2426 beros
1193 2351 1264 2424 etc.
1308 2335 1371 2424 Ad
1393 2337 1654 2424 universorum
1674 2337 1860 2440 noticiam,
1881 2351 1956 2428 tam

322 2458 561 2574 presencium
591 2485 704 2573 quam
734 2457 962 2561 futororum,
1000 2485 1069 2572 per
1098 2454 1171 2542 bec
1200 2454 1340 2569 scripta
1375 2451 1608 2542 deducimus.
1671 2453 1879 2566 Quomodo
1909 2485 1958 2546 eo

319 2589 393 2662 tem
422 2603 524 2678 ore,
543 2603 619 2692 quo
641 2573 860 2688 Principes,
881 2571 1034 2678 Prolati,
1054 2569 1223 2676 Nobiles,
1242 2599 1293 2660 ao
1312 2570 1525 2687 Reguicole
1546 2570 1675 2688 Regni
1695 2571 1865 2675 Polooie,
1886 2601 1958 2662 nos

318 2690 370 2779 ad
395 2605 582 2809 Regnum
606 2688 767 2778 Polonie
786 2690 1004 2791 invitanteS,
1034 2689 1071 2774 in
1103 2686 1255 2804 Regem
1286 2686 1447 2774 Polonie
1467 2703 1774 2804 assumpserunt,
1806 2702 1843 2776 et
1868 2705 1958 2778 nutu

317 2806 466 2912 divino,
481 2865 483 2870 -
498 2821 536 2894 et
556 2807 641 2894 almi
663 2807 815 2923 spiritus
835 2805 1107 2920 inspiracione,
1139 2803 1188 2890 de
1212 2804 1427 2921 gentilitatis
1452 2805 1616 2892 tenebris
1649 2802 1875 2908 educentes,
1907 2805 1958 2894 ad

373 2926 507 3014 omium
528 2920 617 3012 fidei
636 2922 835 3025 katholico,
856 2952 925 3039 per
945 2923 1281 3039 regeneracionem
1302 2920 1553 3035 baptismatis,
1573 2920 1789 3008 attulerunt:
1810 2919 1979 3038 Magni-2

336 3070 417 3126 rcus
437 3056 477 3154 et
494 3039 698 3128 Preclaros
718 3039 906 3154 Princeps
926 3036 1100 3124 dominus
1131 3037 1397 3154 Sigismundus
1427 3036 1596 3156 Magnus
1628 3038 1714 3124 Dux
1735 3037 1956 3142 Littbvonie,

237 3218 243 3227 -
321 3155 467 3248 Russic
488 3170 560 3242 elo.
582 3156 695 3242 irater
713 3167 847 3242 noster
867 3154 1104 3256 carissimus,
1137 3153 1245 3242 nobis
1271 3155 1497 3270 Coroneqoe
1523 3170 1561 3243 et
1584 3152 1961 3276 Regno.ao·Regoi-

322 3274 419 3363 colis
447 3274 458 3359 i
486 3274 565 3360 sius
593 3272 722 3390 Regni
749 3271 930 3374 Polonie,
962 3301 1056 3387 pura
1084 3286 1206 3360 neore
1232 3286 1270 3359 et
1289 3271 1525 3360 irrevocabili
1544 3273 1689 3375 animo,
1721 3271 1902 3388 firmaque
1924 3289 1962 3358 et

180 3385 186 3392 ’
326 3303 527 3479 inviolabili
548 3389 765 3507 sponsione,
787 3419 834 3476 ex
855 3399 958 3476 certa
978 3389 1096 3505 ipsius
1116 3389 1282 3476 sciencia
1302 3403 1338 3478 et
1358 3401 1503 3476 matura
1520 3389 1808 3493 deliberacione,
1827 3391 1960 3479 volun-

323 3522 476 3624 tateque
496 3507 686 3611 ultronea,
717 3536 793 3594 non
814 3503 1045 3619 compulsus,
1077 3535 1153 3593 non
1175 3520 1349 3610 coactns,
1381 3535 1448 3597 seu
1471 3505 1596 3623 aliquo
1618 3533 1748 3593 erroro
1768 3503 1959 3616 seductus,

320 3624 492 3740 promisit
510 3636 547 3709 et
568 3622 682 3712 literis
702 3624 780 3710 suis
801 3623 977 3710 firmavit:
1008 3653 1100 3727 nos,
1132 3621 1311 3740 Regnum
1344 3639 1380 3710 at
1411 3623 1621 3727 Coronam,
1653 3651 1701 3710 ao
1721 3620 1958 3739 Regnicolas
2027 3695 2033 3702 .

321 3741 452 3859 Regni
482 3741 602 3828 nostri
631 3739 789 3828 Polo'nio
810 3740 987 3827 deserere
1008 3769 1084 3828 oon
1097 3738 1268 3847 'debere;
1300 3739 1370 3828 sed
1392 3739 1501 3827 nobis
1523 3753 1601 3828 toto
1624 3769 1741 3855 posse
1761 3754 1798 3827 et
1818 3739 1959 3828 viribus

320 3858 485 3948 asistere
506 3869 737 3961 condentes,
763 3871 803 3946 et
821 3872 1063 3961 nosocomo
1085 3856 1243 3946 insultus
1265 3857 1510 3975 quorumlibet
1530 3858 1719 3946 bominum
1740 3858 1960 3963 vivencium,

321 3977 579 4092 cuiuscunque
600 3989 732 4079 statos,
758 3973 1003 4080 condicionis,
1023 3975 1171 4094 gredm
1190 3975 1251 4064 vel
1273 3977 1486 4063 eminencio
1501 3977 1654 4080 suerint,
1675 3974 1867 4076 adiuvare,
1887 4003 1960 4064 nos

324 4093 518 4207 cupientes
533 4093 718 4208 prelatum
731 4093 883 4182 fratrem
899 4109 1080 4199 nostrum,
1096 4092 1243 4180 Ducem
1254 4091 1439 4212 Magnum
1454 4091 1747 4209 Sigismundnm,
1758 4093 1961 4208 vreciproca

425 4319 465 4405 (¹)
493 4320 540 4388 Er
555 4287 719 4468 archetypo
735 4287 969 4419 membranaceo
984 4323 1015 4388 in
1030 4321 1181 4395 tabulario
1202 4323 1261 4420 ¹'.¹':
1281 4321 1532 4420 Radzivvillorum
1548 4329 1711 4419 asservato.
1746 4321 1825 4388 Huic
1839 4323 1961 4421 tabulae

324 4424 457 4502 appensa
480 4411 553 4470 sunt
574 4403 678 4470 lunrcu
692 4425 715 4467 rs
737 4425 842 4469 serrcrs
864 4413 986 4490 tngrnta
1008 4405 1070 4470 duo
1092 4426 1184 4491 parva
1206 4407 1300 4492 sigilla
1320 4405 1496 4471 exhibentia
1512 4427 1655 4553 insigma,
1678 4413 1709 4470 et
1723 4425 1817 4470 unum
1832 4408 1961 4554 agilum

325 4509 444 4572 majus,
462 4488 544 4573 quod
560 4487 781 4584 mejestaticum
796 4487 921 4565 dicitur,
943 4499 1175 4572 repraesentans
1194 4491 1309 4572 Regem
1326 4489 1527 4553 wladislaum
1544 4509 1578 4553 so
1591 4489 1620 4553 io
1636 4490 1825 4554 insidentem.
1889 4497 1962 4556 stet

247 4612 252 4619 -
325 4571 407 4641 atiud
423 4573 576 4656 exemplar
590 4572 725 4657 cuntem
740 4571 913 4655 diplomatis
927 4573 959 4638 in
974 4574 1123 4638 tabulario
1138 4573 1367 4641 Nicborovicnsi
1382 4581 1581 4640 osseruatnm.
1614 4571 1780 4640 Contentus
1794 4573 1959 4642 vorborum
2100 4590 2101 4602 ¹

327 4654 409 4723 idam
432 4655 632 4734 verbotenus,
657 4657 690 4722 in
712 4655 773 4724 fine
793 4663 912 4722 tantum
933 4657 1055 4742 paulum
1080 4657 1242 4737 discrepat
1285 4656 1364 4722 Vide
1390 4657 1430 4731 sis
1455 4656 1532 4723 infra
1558 4657 1691 4740 diploma
1710 4657 1780 4722 anai
1804 4657 1885 4724 1434
1905 4657 1962 4724 N¹⁰
2044 4717 2051 4734 ,

325 4735 595 4908 Ἡρξὲωξξίο
609 4739 695 4806 alteri
710 4740 875 4826 exemplari
892 4760 985 4810 unum
1000 4747 1119 4808 tantmn
1133 4739 1263 4826 sigillum
1279 4740 1380 4807 minus
1395 4760 1413 4805 a
1430 4741 1597 4808 wladislao
1612 4741 1694 4824 Rege
1709 4741 1799 4824 volgo
1814 4742 1958 4808 usitatum

1757 4921 1818 4977 39„
1973 4913 1977 4921 .
