4780 5922
989 811 1042 856 -,
1089 770 1162 845 eno
1218 811 1263 824 .-

315 985 392 1061 tom
421 972 660 1088 presentibus
690 997 800 1082 quom
832 971 981 1075 futuris,
1011 971 1249 1090 presencium
1280 968 1456 1058 noticiam
1482 969 1673 1058 habituris.
1725 970 1844 1086 Quod
1871 1003 1943 1062 nos

226 1189 229 1200 ¹
316 1087 369 1179 W
373 1087 565 1206 iodysious
587 1087 647 1175 dei
666 1089 799 1206 gracia
821 1086 897 1176 dux
924 1088 1078 1179 Cuieuie
1099 1103 1136 1175 et
1156 1086 1329 1176 dominus
1358 1087 1696 1193 Gnewkouiensis,
1727 1089 1944 1181 considero·

285 1267 287 1275 ,
317 1209 364 1296 tis
393 1221 430 1293 et
458 1208 637 1325 inspectis
669 1206 852 1294 continuis
876 1224 919 1294 et
937 1205 1111 1294 fidelibus
1139 1207 1328 1322 seruicijs‚
1359 1205 1567 1322 nobisper
1596 1219 1764 1298 nostrum
1794 1207 1944 1298 fidelem

315 1322 526 1440 Nijcoieum
557 1322 695 1412 dictum
728 1323 896 1430 Rumlik,
928 1323 1105 1412 heredem
1127 1322 1182 1410 do'
1208 1329 1475 1412 Wenczslmo'ez
1504 1321 1673 1414 exhibitis
1708 1327 1943 1442 etinpensis,

316 1440 440 1530 adhuc
462 1437 612 1560 qnoque
634 1443 670 1528 in
691 1454 884 1558 posterum
905 1439 1183 1560 inpendendis}
1200 1443 1392 1559 cupientes
1413 1441 1532 1528 eciem
1554 1440 1737 1530 beneficio
1752 1441 1945 1559 beneboijs

222 1633 230 1654 .,
316 1561 490 1663 obuiam,
527 1557 664 1646 dictum
696 1557 907 1674 Nijcoieum
947 1558 995 1646 de
1026 1560 1097 1676 hijs
1114 1587 1198 1646 sex
1226 1561 1386 1664 mansis,
1412 1587 1519 1676 quos
1547 1559 1583 1644 in
1612 1559 1700 1646 ville
1729 1557 1945 1648 Mooieiiunr

316 1678 463 1793 conobij
485 1677 676 1793 plocensis
703 1676 817 1764 beate
847 1675 969 1764 Marie
1001 1676 1255 1796 Mogdeiene,
1290 1681 1510 1770 Ostrowoos
1530 1676 1725 1795 wlgeriter
1744 1679 1945 1784 nominato,

133 1851 136 1858 ·
223 1823 233 1874 t
316 1797 389 1883 site
409 1797 445 1882 in
467 1810 569 1882 terra
592 1800 886 1896 Goewicom'eosi'
905 1796 1053 1883 nomine
1067 1795 1254 1882 scuitecie
1275 1794 1510 1912 dignoscitur
1530 1793 1741 1909 possidere,
1761 1794 1810 1884 eb
1827 1797 1945 1884 omni-

315 1914 387 2000 bus
416 1911 878 2030 iuribuspolonicolibus‚
908 1911 1123 2031 nostrisque
1143 1913 1399 2024 solucionibus
1419 1911 1615 2000 ducalibus
1636 1914 1840 2020 uniuersis,
1873 1943 1947 2031 que

316 2059 488 2146 pronunc
509 2047 612 2135 suot,
643 2045 708 2118 eut
729 2031 817 2118 oriri
838 2046 996 2146 possunt
1017 2020 1300 2150 quomodoiibet
1320 2030 1551 2149 temporibus
1570 2031 1608 2118 in
1628 2031 1775 2135 futuris,
1797 2046 1886 2148 putu
1907 2045 1948 2118 ut

138 2251 203 2320 s
264 2155 267 2189 ¹
317 2164 413 2238 sunt:
427 2153 606 2261 peirarne,
627 2157 779 2260 plotone,
801 2181 957 2250 crotone,
977 2157 1365 2261 poderopodrooroue,
1380 2156 1772 2278 flymowe,porodioc,
1784 2157 1944 2263 poromb

139 2430 144 2442 ·
291 2272 1007 2500 {tituto‘tttttttttt
1024 2276 1948 2520 tttttittttutttfttttttttttt

317 2503 563 2607 nominentur,
585 2529 660 2588 une
681 2530 766 2588 curn
787 2499 866 2588 suis
884 2502 1010 2589 liberis
1032 2501 1377 2590 etsuooessoribus
1398 2501 1595 2620 legittimus,
1616 2501 1770 2588 liberum
1791 2503 1948 2590 iacimus

319 2619 457 2705 eternis
478 2618 719 2735 temporibus,
740 2619 879 2731 pariter
900 2631 938 2702 et
957 2616 1130 2706 solutum.
1159 2619 1202 2704 ln
1219 2619 1325 2706 cuius
1340 2619 1394 2705 rei
1409 2619 1526 2706 robur
1541 2633 1725 2737 perpetuo
1741 2620 1948 2724 valiturum,

318 2745 531 2850 presentem
553 2734 731 2853 peginam
750 2735 822 2850 ipsi
841 2731 1002 2821 Niooieo
1023 2735 1136 2823 scribi
1156 2735 1323 2838 fecimus
1347 2734 1458 2853 sigilii
1477 2738 1594 2824 nostri
1616 2737 1812 2826 munimine
1832 2735 1947 2824 robo-
2047 2755 2052 2762 '

318 2864 459 2940 rentes.
500 2851 636 2938 Actum
659 2867 696 2938 et
716 2849 842 2940 datum
862 2853 899 2938 in
917 2848 1156 2965 Szorieyffl),
1175 2852 1276 2940 beuti
1295 2851 1489 2944 Francisci
1509 2855 1546 2943 in
1567 2868 1714 2944 octauo.
1748 2854 1828 2942 Sub
1848 2883 1948 2943 enno

319 2968 458 3058 domini
478 2969 680 3058 millesimo
695 2970 956 3058 trecentesimo
978 2970 1292 3090 quinquagesimo
1314 2971 1453 3088 quinto.
1488 2971 1733 3062 presentibus
1755 2972 1825 3088 bijs
1845 2971 1948 3062 nobi-

320 3086 417 3174 libus
437 3087 598 3176 nostris:
628 3085 876 3174 Mosoiczono
902 3087 1066 3203 psiotino
1096 3087 1410 3194 Gnewkouiensi,
1444 3087 1602 3178 Cbebds
1623 3089 1831 3179 castellano
1850 3089 1949 3178 Bre-

321 3204 459 3307 stensi,
489 3204 635 3292 Tbome
667 3203 808 3307 udins,
840 3203 1029 3294 Stenisieo
1045 3205 1342 3294 -suboernorerio
1375 3206 1760 3311 Goowkouiensibus,
1790 3206 1948 3294 Aiberto

320 3320 572 3439 subpincernn
607 3319 933 3424 Wadislsuiensi,
967 3321 1155 3412 tantone,
1173 3322 1415 3441 subdspiiero
1448 3324 1763 3430 Gnowkooiensi,
1799 3339 1836 3410 et
1864 3322 1949 3446 eiijs

321 3467 432 3556 quam
454 3439 620 3557 piurimis
640 3438 715 3526 fide
732 3438 866 3558 dignis.
908 3440 1185 3558 Scriptumper
1205 3469 1338 3528 rnenus
1358 3439 1514 3529 Henrici
1534 3441 1636 3572 curie
1657 3455 1785 3529 nostre
1803 3440 1948 3557 notarij.

321 3755 452 3821 omoriee
472 3753 573 3822 officio
595 3755 876 3842 clypeum'obiiquo
898 3757 1028 3840 positum
1046 3749 1155 3845 insigni
1173 3767 1271 3824 terroe
1293 3746 1479 3842 Cujuriensis
1494 3767 1690 3836 exornatum,
1712 3777 1803 3844 super
1816 3757 1947 3825 eundem

321 3839 458 3989 oiqpeum
474 3839 622 3905 coiiocsto
637 3847 683 3904 est
696 3840 780 3925 galee
796 3841 966 3922 germanico
982 3863 1051 3908 cum
1067 3843 1113 3907 eie
1129 3863 1145 3907 o
1169 3843 1255 3907 uiine.
1291 3844 1327 3908 ln
1342 3843 1459 3909 ombito
1478 3843 1619 3942 leguntur
1632 3843 1739 3910 verbe:
1760 3841 1824 3919 †S.
1841 3841 1948 3908 wm-

321 3923 350 3988 D
388 3913 1041 3992 unul....ncmouotsournv1u.
1079 3927 1158 3994 Exn
1202 3945 1235 3994 m
1251 3927 1707 4012 perteponnnomtemiton
1722 3927 1832 4012 imigni
1845 3935 1947 3994 terroe

292 4042 295 4051 ν
322 4005 524 4158 gummis,
542 4007 595 4073 sod
610 4009 641 4075 in
656 4009 780 4074 ultorum
796 4015 913 4093 portem
928 4029 1085 4089 conuerso,
1099 4019 1290 4077 exornatum.
1322 4011 1423 4077 Verbo
1439 4011 1470 4076 in
1485 4011 1602 4076 ambitu
1616 4011 1772 4096 leguntur:
1793 4009 1822 4076 S
1837 4011 1948 4076 WLA·

424 4173 462 4258 (2)
491 4175 600 4243 Procul
615 4175 709 4244 dubio
722 4175 790 4243 viiio
804 4175 956 4264 Szergiow
971 4187 1061 4246 anteo
1074 4179 1105 4244 in
1120 4179 1271 4265 provincio
1287 4179 1469 4248 Mesovieosi
1483 4187 1514 4246 et
1526 4163 1680 4247 territorio
1695 4175 1870 4246 Gostinonsi
1881 4176 1947 4242 site.
