4800 5942
1024 725 1198 802 -325
1253 765 1298 777 -

342 915 487 1038 integre
504 927 756 1040 prestanoiam
775 921 969 1042 Magniliei
990 939 1026 1013 et
1046 925 1233 1014 Generosi
1248 923 1353 1014 Luce
1368 924 1417 1013 de
1435 928 1573 1027 Goreu,
1596 929 1790 1045 Capitonei
1811 928 1971 1016 Costen-

341 1042 395 1128 sis
415 1037 537 1128 fidelis
558 1042 675 1128 nestri
696 1041 843 1126 sincere
864 1040 1005 1146 dilecti,
1031 1069 1104 1160 que
1124 1041 1312 1133 Maiestati
1333 1056 1462 1132 nostre
1481 1073 1505 1128 a
1526 1042 1587 1129 diu
1608 1047 1806 1133 retroactis
1826 1057 1971 1162 tempu·
2041 1042 2045 1048 ’

342 1157 465 1263 ribus,
506 1173 541 1245 ct
574 1158 766 1275 potissime
803 1158 852 1246 ab
883 1160 993 1248 inicio
1024 1162 1308 1278 prosecuciunis
1339 1162 1586 1280 negociorum
1617 1178 1832 1250 nostrorum
1863 1162 1972 1250 huius

341 1276 460 1364 nostri
490 1273 688 1394 Hungaric
717 1273 867 1397 Regni,
883 1307 982 1366 cum
1003 1278 1147 1412 lanilijs
1175 1293 1213 1366 et
1232 1279 1431 1396 impensiS,
1460 1294 1575 1402 atque
1605 1301 1795 1368 armorum
1820 1277 1973 1367 decenti

341 1406 538 1511 apparatu,
558 1424 680 1512 usque
701 1395 737 1481 in
753 1425 912 1510 presens
934 1398 1234 1486 constantissime
1254 1401 1412 1516 peregit,
1433 1413 1471 1485 et
1484 1396 1686 1486 rebellibus
1703 1397 1853 1500 nostris,
1872 1396 1972 1484 lacta

339 1526 472 1600 nostra
497 1512 535 1600 in
562 1513 648 1630 ipso
677 1511 822 1632 Regno
842 1513 1023 1632 impedire
1043 1514 1325 1631 temptantibus,
1354 1528 1512 1630 pectme
1531 1531 1678 1604 armato
1697 1515 1972 1604 resisteremus

341 1629 511 1746 expauit:
545 1645 584 1718 ut
609 1631 753 1750 itaque,
783 1629 903 1720 buius
922 1631 977 1719 rei
1006 1632 1161 1749 gracia,
1192 1633 1383 1720 laboribus
1404 1634 1542 1722 nostris
1570 1633 1685 1752 digne
1706 1644 1900 1720 recreatus
1920 1628 1970 1718 ad

341 1746 477 1836 borum
509 1749 653 1837 maiora
684 1746 868 1866 obsequia
898 1749 1160 1854 concalescat,
1191 1764 1306 1867 atque
1336 1751 1544 1870 ingenciori
1569 1780 1686 1869 opera
1706 1752 1865 1869 amplius
1885 1779 1971 1866 pre-

341 1865 479 1954 standa
499 1864 736 1970 inardescat,
772 1865 842 1954 sibi
872 1867 907 1953 in
940 1882 977 1956 et
1002 1897 1119 1985 super
1149 1882 1279 1956 castro
1310 1881 1348 1954 et
1377 1869 1526 1955 ciuitate
1556 1870 1696 1956 nostris
1729 1857 1971 1968 Coatnuibus,

246 1980 249 1991 ’
338 1985 376 2069 in
398 1986 507 2074 terris
538 1981 847 2101 Maiorispolonie
877 1985 979 2089 sitis,
1006 1999 1047 2073 et
1066 1985 1160 2074 villis
1180 1987 1353 2074 omnibus
1376 1985 1509 2074 odilla
1528 1986 1816 2103 pertinentibus,
1848 1985 1972 2073 sexin-
2095 2087 2099 2098 Ι

340 2115 479 2220 gantas
500 2129 650 2192 marcas
671 2115 821 2188 monete
842 2119 879 2190 et
899 2106 1041 2191 numeri
1062 2103 1323 2222 polonicalium
1354 2106 1587 2210 comunium,
1617 2102 1788 2192 XLVlll.
1809 2129 1973 2223 grossus
2022 2097 2025 2108 ’

217 2239 219 2245 ·
339 2221 376 2308 in
388 2221 600 2338 quamlibet
614 2247 781 2308 marcam
797 2221 1063 2339 computando,
1085 2220 1268 2326 dedimus,
1289 2219 1524 2330 donauimus,
1544 2222 1766 2342 damusque,
1786 2221 1973 2312 dommus

339 2354 381 2426 et
398 2338 633 2428 inscribimus
654 2341 892 2454 presencium
912 2367 982 2456 per
1002 2355 1188 2444 tenorem,
1209 2341 1419 2458 peripsum
1440 2353 1478 2425 ct
1497 2369 1591 2430 suos
1611 2338 1822 2428 huiusmodi
1842 2348 1973 2457 poste·

340 2487 423 2558 ros,
451 2484 536 2544 cum
557 2456 730 2543 omnibus
751 2471 789 2543 ct
808 2457 965 2576 singulis
986 2455 1203 2545 eorumdem
1217 2460 1360 2563 castri,
1390 2459 1608 2546 ciuitatiset
1627 2457 1797 2544 villarum
1816 2456 1866 2543 od
1888 2457 1973 2574 ipsu

339 2571 607 2692 pertinencium
628 2574 859 2684 utilitatibus,
879 2575 1072 2679 lructibus,
1097 2573 1286 2677 censibus,
1302 2573 1524 2682 redditibus,
1545 2575 1800 2693 prouentibus,
1821 2573 1974 2690 prediis,

339 2693 473 2810 curijS,
493 2693 618 2810 agris,
640 2692 768 2818 pratis,
789 2693 944 2808 campis,
966 2691 1081 2792 siluis,
1102 2691 1263 2796 mericis,
1283 2691 1419 2795 burris,
1440 2693 1551 2809 gaijs,
1571 2691 1725 2792 rubetis,
1747 2690 1974 2794 nemoribus,

171 2864 176 2872 ,
335 2809 562 2914 lluminrbus,
583 2807 751 2909 lacubus
771 2808 935 2926 piscinis,
956 2808 1167 2924 piscaturis,
1188 2807 1308 2939 aquis,
1328 2807 1562 2912 molendinis,
1584 2807 1840 2912 emolimentis,
1861 2833 1975 2894 vena·
2068 2813 2074 2828 “

226 2971 230 2976 ·
340 2927 529 3030 cionibus,
561 2925 902 3040 aucupacionibus,
933 2922 1127 3040 mellillcijs
1148 2936 1185 3027 ct
1204 2924 1443 3040 peruncnoijs
1463 2925 1676 3030 uniuersis,¹
1694 2921 1976 3042 quomodolibet

340 3043 390 3130 ad
413 3071 460 3128 ea
480 3041 737 3157 spectantibus
758 3039 989 3145 habendum,
1019 3035 1514 3143 tenendum,‚utilruendum
1536 3055 1573 3126 ut
1593 3039 1752 3176 pacilius
1772 3038 1973 3158 possiden·

340 3160 429 3248 durn
460 3157 620 3262 tamdiu,
653 3181 850 3276 quousque
871 3156 961 3262 sibi,
992 3156 1052 3242 uel
1074 3157 1152 3242 suis
1172 3157 1362 3276 legittimis
1392 3158 1701 3262 successoribus,
1732 3187 1800 3274 per
1820 3184 1892 3245 nus
1911 3157 1973 3244 uel

340 3303 589 3366 successores
611 3289 784 3381 nostros,
814 3275 958 3392 prelata
978 3275 1203 3393 sexingenta
1221 3299 1369 3380 marce,
1391 3305 1476 3367 cum
1497 3275 1580 3362 alis
1600 3275 1771 3392 pecunijs
1791 3305 1860 3394 per
1878 3274 1973 3362 alias

342 3395 484 3483 litteras
505 3395 705 3512 inscriptis,
726 3423 774 3480 ex
794 3393 943 3513 integro
964 3393 1237 3511 persulcantur.
1264 3391 1428 3504 *Quibus
1444 3385 1538 3480 exso
1552 3395 1625 3479 otis
1641 3391 1824 3480 dictorum
1846 3393 1973 3496 castri,
2117 3407 2122 3417 “
2260 3383 2265 3392 ’

341 3513 502 3598 ciuitatis
533 3527 570 3598 et
589 3511 758 3598 uillarum
789 3512 1008 3627 possessio,
1038 3509 1089 3596 ad
1119 3537 1192 3598 nos
1223 3523 1262 3595 et
1274 3508 1721 3612 succedaneos‘nostros
1752 3509 1974 3596 deuoluatur

340 3629 454 3746 pleno
469 3631 566 3745 J'ure.
605 3627 845 3718 Stacionibus
866 3641 991 3714 tamen
1012 3629 1163 3733 nostris,
1183 3641 1223 3713 et
1234 3625 1384 3743 juribus
1403 3626 1595 3746 rogalibus
1616 3628 1734 3714 solitis
1755 3642 1793 3713 et
1813 3653 1972 3714 consue

339 3747 406 3850 tis,
437 3745 652 3863 peremnia
673 3746 972 3862 sempersaluis.
1023 3745 1161 3833 Datum
1181 3751 1302 3845 Bude,
1328 3743 1420 3832 ieriu
1467 3761 1573 3832 oarto
1594 3743 1689 3832 inira
1709 3758 1868 3832 octauas
1888 3742 1973 3831 lasti

340 3865 461 3952 sancti
491 3861 723 3952 Bartolomci
752 3863 852 3954 beati
882 3859 1076 3983 Apostoli,
1098 3891 1210 3952 auno
1228 3861 1367 3951 domini
1388 3778 1580 3952 millesimo
1600 3863 1971 3984 quadringentesimo

341 3980 636 4186 quodquqesimo
657 3981 805 4100 primo,
1393 4019 1395 4026 ·

526 4100 752 4188 relacionem
773 4098 968 4220 Magnilioi
989 4099 1173 4190 lobannis
1196 4099 1244 4188 de
1267 4027 1526 4214 Coayeczpole,
1549 4097 1597 4186 ll.
1619 4097 1663 4183 P.
1687 4095 1920 4212 Cancellarij.
