4800 5942
996 739 1376 833 ...323..¹

316 954 486 1048 nostrum
516 928 754 1055 presentibru
784 952 844 1026 ast
870 965 1091 1054 oppansum.
1147 937 1285 1028 Datum
1313 939 1350 1026 in
1376 935 1642 1034 Nouaciuitato
1669 941 1763 1032 aiios
1793 947 1953 1034 Corezr'u

315 1057 410 1163 ioria
430 1057 570 1169 quinto,
591 1056 627 1144 in
648 1054 711 1144 rio
729 1056 851 1144 sancti
870 1052 1070 1170 Lonrperti,
1096 1084 1196 1142 anuo
1218 1054 1355 1144 domini
1374 1055 1568 1146 millesimo
1589 1057 1744 1146 CCCC⁰¹
1763 1062 1952 1155 tricesimo

316 1203 481 1498 “Uibii
502 1223 732 1383 roiocionom
751 1289 948 1412 Magnifici
968 1290 1073 1382 Petri
1093 1289 1142 1380 do
1160 1295 1409 1394 Scretoezin,
1430 1289 1563 1412 Regni
1581 1291 1741 1384 polonie
1760 1294 1949 1388 vicecan-

317 1439 362 1498 ce
412 1438 468 1525 rp.
1150 1492 1154 1498 .

1028 1671 1243 1792 oum.
1366 1715 1372 1727 “

243 1881 248 1893 ’
316 1959 331 1968 ··
420 1939 760 2044 onocoetae,
787 1961 943 2074 omno
967 1942 1125 2030 1440
1151 1943 1203 2028 rt
1230 1939 1301 2027 13
1327 1944 1846 2082 meuuruunuomr.

315 2144 509 2237 mm
529 2143 800 2220 wladissai
821 2145 918 2215 111.
939 2144 1036 2236 bertr
1053 2144 1214 2234 tomum,
1236 2159 1300 2236 orn
1312 2145 1532 2220 momatur
1544 2148 1647 2238 prtorr
1660 2151 1759 2240 parta
1773 2151 1808 2222 rt
1821 2149 1949 2224 Μαι

424 2245 1841 2341 mtmtnurrtrnrturtmrtrnl.btithrrrtmprtrrnirttrt¹t.

416 2467 462 2560 ln
480 2471 631 2560 nomine
650 2469 812 2575 domiui,
841 2499 964 2578 amco.
1019 2468 1084 2556 Ad
1102 2485 1323 2588 perpetuam
1336 2472 1398 2560 'rei
1416 2471 1645 2560 memoriam.
1695 2469 1779 2560 Nos
1803 2471 1949 2562 wtadi-

315 2587 420 2678 sious
439 2588 579 2678 tercius
598 2587 660 2676 dei
681 2588 817 2707 gracia
834 2586 923 2676 Rex
942 2586 1121 2691 Potonie,
1142 2616 1214 2675 neo
1234 2617 1311 2678 non
1329 2589 1535 2675 Terrarum
1558 2589 1765 2694 Craooue,
1797 2589 1949 2678 Sando-

314 2705 431 2811 nririe,
452 2703 628 2821 Syradio,
646 2704 839 2809 [meinim-
852 2703 1029 2819 Cuyavie,
1044 2701 1255 2792 Lithwanie
1269 2705 1457 2822 Princeps
1471 2705 1693 2821 Supremos,
1711 2701 1949 2813 Pomoranie,

272 2825 277 2834 '
314 2821 532 2935 Ruusiequo
558 2821 731 2912 domiuus
752 2838 790 2912 et
809 2822 922 2912 beros
941 2835 1013 2910 eto
1068 2821 1338 2941 Significomus
1364 2837 1497 2910 tenore
1523 2824 1784 2940 presencium,
1814 2823 1950 2935 quibus

314 2935 466 3056 expedit
484 2941 670 3030 universis
689 2941 929 3056 presentibus
947 2955 986 3028 et
1003 2941 1146 3044 tuturis,
1166 2941 1300 3030 borum
1319 2941 1495 3028 noticiam
1511 2940 1708 3027 habituris:
1740 2939 1949 3052 Quomodo

263 3059 267 3070 '
313 3057 512 3262 gunianus
528 3071 566 3143 et
580 3056 727 3145 inclitus
747 3057 934 3173 Princeps
951 3057 1124 3146 dominus
1145 3059 1423 3176 sigismundus,
1444 3057 1612 3176 Magnus
1627 3057 1716 3143 Dux
1729 3055 1949 3162 lithwnnie‚
2001 3109 2006 3118 -

356 3175 460 3262 ussie
495 3188 568 3260 etc.
604 3186 762 3291 patruus
791 3187 923 3261 noster
954 3174 1190 3280 carissimus,
1231 3174 1427 3261 reducens·
1444 3172 1500 3268 ad
1530 3175 1747 3260 memoriam
1782 3189 1950 3261 nostram
2055 3293 2064 3311 ἱ

314 3290 446 3379 iedero
476 3291 786 3409 inscripoionum,
818 3303 1152 3402 contractuumquo
1172 3321 1287 3409 super
1308 3291 1493 3378 nonnullis
1514 3290 1848 3406 disposicionibus,
1907 3321 1951 3378 er

261 3419 267 3428 '
314 3407 401 3498 dive
420 3410 600 3496 memorie
630 3409 920 3497 Serenissimum
950 3407 1161 3524 Principem
1184 3408 1372 3495 dominum
1405 3408 1655 3496 wladislaum
1681 3407 1842 3495 Poionie
1868 3321 1949 3496 tie·

161 3623 166 3636 ,
344 3556 403 3614 em
425 3541 496 3612 eto.
518 3528 801 3641 progenitorem
832 3539 870 3611 et
890 3524 1203 3642 predecessorem
1225 3539 1393 3611 nostrum
1415 3526 1667 3629 carissimum,
1700 3537 1738 3609 et
1759 3523 1949 3612 Coronam

313 3555 443 3760 begui
460 3643 576 3730 nostri
588 3643 759 3744 Polemo,
775 3671 863 3731 oum
876 3641 1012 3732 eodem
1029 3641 1181 3733 domiuo
1192 3642 1302 3730 Duce
1313 3641 1475 3761 Magno,
1489 3642 1716 3752 Ducotuque
1727 3640 1949 3739 Lbbwauie,

314 3772 353 3848 et
372 3760 483 3847 terris
503 3759 574 3846 sibi
594 3757 791 3871 subiretis,
818 3759 944 3848 habita
964 3774 1078 3873 atque
1097 3761 1216 3866 iacta,
1248 3761 1426 3878 precipue
1447 3774 1485 3846 ut
1506 3760 1605 3877 iugis
1626 3761 1791 3848 evitarno
1810 3761 1949 3847 caritas

312 3877 500 3966 internos
524 3875 709 3990 utrimque
726 3889 967 3995 permaneat,
999 3879 1453 3995 omnisque·suspicionis
1479 3878 1706 3996 ambiguitas
1727 3909 1750 3964 e
1770 3876 1949 3963 cordibus

314 3987 497 4084 ovaiiatur
517 3995 618 4108 (sic):
639 3995 783 4116 optavit
802 3997 1091 4116 concupivitque
1111 3996 1183 4084 beo
1203 3997 1285 4112 ipsa
1305 3995 1595 4114 inscripcionum
1616 4007 1957 4102 contractuumque'
2011 4085 2013 4089 ,

312 4110 457 4214 iedero,
477 4142 547 4227 per
565 4115 797 4200 maiestatem
813 4130 1006 4218 nostram„
1021 4145 1090 4201 sue
1111 4115 1256 4202 caritati
1276 4113 1513 4222 Ducatuique
1533 4110 1742 4200 Lithwanio
1763 4122 1800 4196 et
1820 4108 1947 4197 Terris

312 4228 325 4314 i
353 4229 386 4317 si
400 4229 608 4346 suppositis
629 4228 862 4336 confirmari,
887 4231 1080 4336 notificari,
1101 4232 1269 4318 innovari
1291 4244 1329 4316 et
1347 4229 1562 4348 approbari.
1604 4228 1777 4340 Quorum
1798 4225 1948 4344 quidem

313 4258 503 4549 ἐάεηιιηι,
537 4359 797 4432 contractuum
818 4361 855 4433 et
875 4345 1163 4464 iuscripoionum
1195 4359 1303 4437 tenor
1326 4345 1493 4458 sequitur
1513 4343 1562 4430 de
1582 4343 1700 4432 verbo
1720 4340 1772 4430 ad
1790 4341 1947 4450 verbum

185 4522 189 4528 ·
313 4475 354 4550 ei
371 4478 429 4555 esi
450 4477 486 4550 ia
502 4463 549 4550 is:
869 4473 876 4498 '
1622 4472 1626 4480 ’

344 4759 352 4776 ι
407 4638 454 4761 ’(1)
469 4677 675 4774 ,Βοσοτίρωω
697 4699 736 4746 ex
757 4676 921 4777 archetypo
942 4677 1194 4778 membranaceo,
1221 4679 1252 4778 in
1273 4677 1425 4778 tabulario
1446 4678 1490 4743 ΙΙΙ.
1512 4677 1690 4773 Principum
1712 4671 1945 4772 padriritiomm

312 4758 705 4932 mbaffm*
725 4781 774 4830 otu
789 4781 959 4850 apponunt
974 4771 1021 4832 out
1035 4762 1175 4832 summio
1192 4774 1290 4832 nerum
1311 4763 1445 4897 σιὼ
1465 4762 1556 4846 ruigo
1577 4766 1798 4902 majestatum
1821 4757 1947 4888 drotum,

434 4947 438 4955 '
543 4931 547 4934 ’
1583 4941 1586 4946 ·
1738 4941 1786 4998 rt*
