4778 5952
998 707 1298 794 '-coo-

346 921 465 1007 eciem
485 919 545 1038 alij
566 919 677 1008 ualde
695 917 904 1036 importuni,
923 917 1060 1016 inuidis
1073 919 1232 1011 lursitau
1245 920 1336 1010 moti
1351 919 1481 1022 liuore,
1505 919 1703 1023 Consules,
1723 919 1975 1028 Advocatum,

344 1036 551 1143 Scabinos,
578 1067 626 1124 ae
653 1054 800 1124 ceteros
828 1033 927 1124 dicto
954 1049 1084 1124 nostra
1111 1036 1269 1124 ciuitatis
1299 1041 1555 1126 Cracouiecrie
1582 1049 1689 1124 entra
1714 1069 1863 1128 murros
1890 1041 1974 1152 (sic)

292 1167 294 1172 '
343 1154 513 1272 ejusdem
543 1155 717 1260 ciuitatis,
749 1181 825 1240 non
844 1169 983 1242 tantum
1004 1181 1123 1240 causa
1137 1156 1223 1272 jure
1244 1154 1461 1271 experiendi
1479 1170 1612 1244 contra
1640 1156 1764 1271 ipsos,
1796 1172 1975 1275 quantum

343 1287 387 1360 ut
404 1301 473 1360 eos
492 1272 762 1360 ueraoionibus
780 1283 959 1377 atterant,
980 1269 1172 1358 laboribus
1192 1288 1364 1388 grauant,
1386 1273 1423 1362 et
1442 1273 1619 1391 expensis
1639 1287 1839 1378 attenuent,
1861 1276 1974 1391 pluri-

343 1419 443 1478 mum
473 1418 638 1476 euocare
667 1391 764 1478 soliti
792 1404 879 1476 sunt
906 1406 942 1477 et
963 1391 1101 1496 citare;
1132 1401 1171 1476 et
1199 1417 1283 1488 cum
1316 1421 1388 1476 nos
1415 1417 1489 1478 non
1518 1404 1733 1507 preteream
1762 1407 1974 1482 nostrorum

191 1515 197 1522 '
343 1505 583 1596 incommoda
603 1508 858 1613 subditorum,
889 1506 1087 1624 honorque
1116 1503 1240 1624 Regis
1266 1506 1452 1596 iudicium
1473 1507 1622 1626 diligat,
1653 1523 1692 1596 et
1711 1535 1783 1596 nos
1804 1507 1973 1620 humiles,

344 1655 442 1744 quos
471 1639 623 1711 eternus
653 1625 740 1714 Rex
760 1627 935 1714 unctione
956 1655 1025 1712 sue
1045 1623 1302 1714 misericordie
1323 1627 1359 1712 in
1379 1623 1508 1746 Regni
1528 1625 1638 1743 hujus
1659 1627 1811 1744 fastigio
1833 1641 1974 1744 tempo

342 1746 467 1834 raliter
486 1742 696 1851 bonoravit,
717 1743 779 1831 illo
795 1743 964 1832 vivamus
979 1739 1177 1846 intellectu,
1195 1755 1238 1828 ut
1250 1744 1450 1860 justiciam,
1471 1773 1495 1830 a
1516 1773 1591 1861 qua
1612 1745 1706 1830 deus
1727 1774 1802 1832 non
1821 1744 1974 1852 recedit,

341 1875 380 1948 et
405 1874 582 1952 econtra
603 1863 861 1980 superomnia
882 1862 1101 1980 diligamus,
1130 1861 1329 1979 equitatem
1360 1863 1559 1980 unicuique
1587 1863 1624 1951 in
1651 1877 1790 1949 statera
1821 1865 1973 1952 rectitu-
2068 1875 2072 1884 '

342 1977 440 2068 diuis
469 1979 709 2098 regulantes,
741 1993 778 2066 et
808 1981 1026 2097 quierem,
1056 2009 1130 2096 que
1150 1977 1262 2097 culpa
1283 1992 1407 2083 caret,
1438 1980 1474 2067 in
1504 1979 1708 2098 dampnum
1738 1982 1868 2068 uocari
1898 2010 1973 2069 uon

342 2102 537 2203 conuenit;
568 2112 608 2183 ut
627 2099 740 2215 igitur
758 2099 795 2184 iu
817 2098 949 2184 eadem
971 2096 1120 2184 ciuitate
1139 2113 1272 2185 nostra
1294 2102 1552 2198 Crceooieuei,
1584 2111 1622 2184 et
1643 2097 1743 2216 quod
1764 2098 1917 2185 ubilibet
1936 2101 1973 2186 in

340 2215 498 2334 singulis
531 2214 660 2334 Regni
686 2214 803 2304 nostri
823 2214 987 2302 terminis
1008 2220 1182 2329 optamu's
1202 2214 1283 2328 lieri
1305 2231 1474 2332 tempore
1492 2216 1610 2303 lelicis
1631 2217 1749 2302 nostri
1769 2217 1974 2334 regiminis,
2008 2311 2014 2327 ‚

339 2332 425 2420 licis
463 2333 587 2422 litibus
621 2332 828 2448 judiciarijs
865 2359 1060 2456 congruus
1091 2333 1320 2446 imponatur,
1362 2347 1400 2417 et
1428 2334 1585 2417 materia
1615 2331 1729 2418 litium
1759 2332 1973 2447 hujusmodi

339 2450 613 2540 iudiciariarum
634 2479 884 2566 supervacua,
905 2449 1074 2552 labores,
1105 2449 1233 2564 latige,
1259 2477 1437 2562 expense,
1458 2449 1698 2551 vexaciones,
1719 2451 1972 2537 euocaciones

340 2581 377 2655 et
397 2568 621 2670 citacioneS,
652 2596 721 2681 per
741 2595 836 2682 quas
857 2577 1065 2681 manantur
1084 2564 1242 2678 irmoxij,
1272 2564 1322 2649 de
1351 2563 1480 2679 Regni
1510 2564 1627 2650 nostri
1646 2565 1793 2650 simibus
1813 2566 1972 2681 amplius
2111 2579 2113 2584 ’
2246 2643 2249 2656 .

338 2683 549 2772 habeantur
583 2683 735 2770 omnino
769 2682 991 2798 peregrine5
1030 2679 1081 2764 ad
1117 2681 1300 2766 instantes
1340 2679 1642 2796 supplicaciones
1682 2698 1972 2770 memoratorum

340 2800 549 2890 Consulum
585 2812 623 2885 et
659 2797 921 2886 Universitatis
957 2797 1074 2913 ipsius
1110 2796 1268 2884 civitatis
1305 2810 1437 2884 nostre
1464 2801 1748 2899 cracoviensis,
1785 2813 1823 2885 et
1851 2802 1972 2887 eciam
2106 2880 2110 2888 ,

336 2918 650 3008 consideracione
677 2916 928 3032 multiplicium
961 2929 998 3001 et
1026 2913 1189 3000 fidelium
1221 2915 1486 3020 seruiciorum,
1523 2931 1652 3004 nostre
1681 2915 1873 3032 blejestati
1903 2948 1974 3035 per

338 3037 445 3153 ipsos
477 3065 555 3122 non
590 3036 676 3134 sine
699 3033 952 3119 veneracione
972 3029 1199 3117 multimoda
1230 3029 1412 3120 hactenus
1448 3031 1691 3120 exhibitorum
1722 3047 1761 3116 et
1791 3033 1971 3123 inantea
2057 3095 2060 3100 -

339 3149 657 3257 exhibendorum
688 3149 809 3236 dictas
830 3146 1134 3251 consuetudines,
1160 3175 1249 3262 ymo
1269 3149 1394 3253 uerius
1416 3149 1652 3267 corruptelas
1658 3164 1854 3266 perpetuo
1875 3151 1971 3240 abo·
2106 3214 2112 3233 ,

181 3313 186 3320 ·
337 3270 477 3374 lemus,
507 3269 758 3356 decernentes
778 3296 848 3384 per
866 3295 1026 3381 presens
1046 3277 1216 3352 ausuum
1236 3264 1402 3383 Regium
1422 3264 1595 3371 edictum,
1616 3269 1807 3384 perpetuis
1830 3284 1989 3385 tempo

337 3388 442 3476 ribus
461 3385 743 3474 obseruandum
765 3401 814 3492 ut,
835 3384 1047 3501 quicunque
1066 3384 1158 3470 ciuis
1178 3383 1239 3468 vel
1255 3385 1456 3470 extraneus
1476 3385 1514 3470 in
1534 3383 1670 3500 judicio
1692 3383 1799 3471 dicte·
1811 3387 1971 3474 civitatis

340 3509 597 3591 &mercerii
612 3534 682 3619 pro
698 3495 923 3622 quacunque
939 3529 1058 3587 carisa
1072 3500 1235 3618 litigans,
1255 3526 1324 3615 per
1343 3500 1504 3616 aliquam
1526 3503 1754 3588 sentenciam
1771 3503 1969 3588 interlocu-

336 3621 470 3708 toriam
485 3623 547 3708 vel
563 3622 789 3709 dilbnitiuam
805 3649 848 3708 se
864 3632 1064 3736 grauatum
1078 3617 1319 3733 presenserit‚
1335 3617 1417 3704 licet
1432 3616 1515 3727 (sic)
1532 3616 1653 3705 eidem
1669 3632 1842 3737 grauato,
1858 3632 1970 3735 prout

215 3826 223 3839 ,
336 3740 536 3856 antiquitis
566 3769 636 3857 per
664 3753 792 3825 earne
819 3735 1102 3824 recordacionis
1139 3731 1368 3826 Kezimirum
1404 3735 1556 3854 Regem
1588 3735 1768 3844 polonie,
1803 3737 1967 3825 inclitum

232 3953 235 3958 Α
335 3872 503 3946 nostrum
525 3856 838 3973 predecessorem
859 3855 1042 3940 brmatum
1063 3852 1187 3957 extitit,
1208 3851 1257 3938 ad
1278 3851 1517 3940 Aduocatum
1534 3864 1571 3939 et
1587 3853 1775 3941 Seabiuos
1794 3807 2044 3969 Supremis

316 3973 439 4064 ..luris
469 3974 688 4062 Tbeutonici
714 3972 1057 4089 lllaydburgensis,
1086 3969 1190 4087 quod
1221 3981 1258 4055 et
1277 3970 1507 4086 prouinciale
1528 3971 1681 4074 dicitur,
1712 3971 1828 4055 castri
1848 3968 1971 4058 nostri
2102 4083 2104 4086 Ι

339 4097 595 4179 dameam
614 4121 637 4176 a
659 4090 836 4207 predictis
860 4087 1062 4174 Aduocato
1088 4099 1134 4173 et
1154 4087 1329 4175 Scabinis
1358 4091 1478 4206 ipsius
1509 4088 1683 4208 ciuitatis⁸
1700 4091 1965 4190 cracoviensis,

336 4222 374 4296 er
392 4209 442 4295 ab
461 4236 592 4294 eorum
614 4209 806 4293 sentencie
823 4207 939 4292 libera
954 4205 1156 4321 appellare
1190 4203 1310 4317 Quod
1327 4207 1411 4291 etsi
1428 4203 1551 4321 alique
1573 4205 1739 4318 parcium
1761 4204 1965 4292 earundem

335 4326 589 4444 littigcncium,
610 4324 691 4409 siue
712 4325 760 4407 sit
779 4325 886 4408 a'ctor
906 4322 988 4407 siue
1007 4349 1108 4426 rcus,
1127 4320 1262 4422 ibidem
1284 4327 1320 4409 in
1341 4321 1486 4438 prelato
1507 4321 1657 4407 tudteio
1676 4320 1778 4410 luris
1799 4321 1964 4409 Theoto·

335 4445 407 4532 nici
428 4444 543 4531 castri
566 4444 836 4540 Crocooiensir,
862 4468 931 4554 per
949 4437 1067 4554 ipsius
1086 4437 1221 4554 Judicij
1243 4439 1481 4525 Advocatum
1504 4452 1541 4524 et
1560 4437 1748 4530 Scabinos
1768 4471 1813 4527 se
1831 4438 1967 4526 uiderit
2009 4481 2034 4520 ,ν

335 4577 607 4680 aggrauatum,
638 4571 775 4644 exurnc
804 4554 853 4643 ad
880 4571 1047 4644 nostram
1077 4555 1242 4675 Regiam
1263 4555 1520 4674 presenciam,
1550 4555 1719 4644 velutad
1739 4557 1964 4673 Supremam

333 4678 526 4784 sedicem,
561 4691 672 4796 prout
702 4674 1034 4792 bleydburgenses
1065 4673 1207 4761 dictatu
1235 4674 1363 4795 leges,
1397 4675 1632 4791 appellandi,
1689 4672 1898 4761 rouocaodi
1926 4689 1965 4764 et

223 4821 229 4828 ·
333 4799 454 4914 ipsam
486 4797 715 4884 sentenciam
742 4791 999 4913 redarguendi
1018 4787 1167 4912 plerum
1187 4790 1327 4882 babeat
1344 4794 1571 4882 facultatem.
1696 4821 1795 4912 quas
1814 4791 1963 4910 quidem
