4800 5942
1117 689 1384 762 »314-

429 899 619 987 bonorare
634 890 747 980 debet
760 906 799 982 et
811 903 960 978 tenetur
977 891 1015 977 in
1035 889 1164 978 Terris
1182 887 1317 1008 Magni
1331 887 1503 979 Ducetns
1520 889 1738 999 bitlbuanie,
1758 895 1856 984 siout
1869 896 2062 991 dominun

429 1031 466 1106 et
495 1017 648 1102 tratrem
678 1039 785 1098 suum
816 1009 1017 1096 seniorem.
1067 1006 1227 1126 Insuper
1253 1006 1462 1124 predictum
1483 1011 1637 1098 fratrem
1656 1021 1851 1120 coebum,
1879 1031 2059 1106 mosten-

430 1135 522 1223 ciori
541 1130 677 1217 liducia
697 1127 879 1248 prosequi
909 1126 1101 1231 volentes,
1136 1136 1191 1233 et,
1222 1141 1333 1244 prout
1363 1126 1500 1214 iustum
1529 1143 1606 1231 est,
1640 1127 1804 1220 reddere
1839 1136 2059 1224 ce'rcioretu:¹

327 1263 331 1274 '
427 1251 674 1372 promittimus
704 1244 847 1350 eidem,
878 1244 1097 1362 pollicemur
1126 1243 1422 1361 suspendemus
1451 1245 1525 1334 sub
1553 1244 1629 1337 fide
1653 1247 1882 1358 ethonore,
1912 1251 2059 1372 absque

428 1372 517 1458 dolo
538 1383 575 1456 et
589 1362 732 1473 fraude,
752 1393 801 1451 ac
821 1364 892 1452 sub
905 1392 1024 1452 onere
1038 1363 1182 1478 prestiti
1203 1363 1406 1470 iuramenti,
1427 1363 1597 1451 stabilem
1618 1367 1890 1472 assistentiam,
1911 1399 2060 1462 exnunc

419 1501 538 1610 'prout
566 1500 722 1588 extunc,
758 1497 796 1569 et
826 1496 962 1568 extumo
992 1495 1103 1598 prout
1133 1509 1300 1585 exnunc,
1333 1495 1464 1570 tenere
1492 1481 1602 1572 firma
1629 1481 1706 1571 lide
1736 1485 1806 1588 ita,
1838 1486 1941 1605 quod
1972 1505 2060 1606 post

427 1608 628 1694 decessum
649 1601 782 1719 prelati
802 1597 1037 1717 sigismundi
1052 1597 1172 1687 Ducis
1189 1596 1342 1717 Magni,
1373 1599 1543 1688 Ducatus
1555 1598 1732 1721 Magnus
1752 1599 1953 1692 Littweni'e
1972 1590 2060 1697 cum

427 1723 538 1812 terris
558 1737 596 1809 et
616 1718 788 1838 dominijs
808 1717 1000 1820 omnibuS,
1031 1715 1150 1802 eciam
1180 1716 1340 1823 Russie,
1372 1718 1669 1836 quibuscumque
1689 1749 1789 1807 nunc
1809 1721 1997 1826 subiectis,
2019 1737 2058 1810 et

426 1845 561 1932 virtute
582 1867 653 1925 sua
673 1835 920 1941 subiciendis,
941 1834 991 1922 ad
1013 1863 1084 1920 nos
1105 1849 1142 1920 et
1161 1835 1307 1922 inclitos
1328 1853 1438 1922 natos
1458 1851 1623 1938 nostros,
1640 1837 1788 1927 scilicet
1808 1837 2057 1928 Wladislaum

427 1974 464 2048 et
483 1957 730 2062 Kazimirum,
756 1984 803 2040 ec
823 1967 978 2040 nostros
999 1981 1259 2054 successores
1279 1967 1317 2038 et
1336 1953 1387 2038 ad
1407 1953 1561 2040 Corum
1581 1955 1664 2066 (sie)
1684 1971 1722 2042 et
1739 1954 1919 2073 Regnum
1940 1955 2056 2044 Polc-

425 2079 497 2180 nie,
518 2074 657 2161 debent
671 2099 764 2159 vera
781 2086 817 2158 et
831 2071 1055 2158 hereditaria
1071 2071 1317 2156 successione
1333 2068 1492 2157 devolvi:
1514 2069 1830 2190 quemadmodum
1844 2076 2056 2188 patentibus

452 2194 612 2281 rioribus
625 2190 749 2292 literis,
765 2189 931 2304 desuper
942 2189 1135 2292 conlectis,
1151 2203 1209 2272 est
1224 2185 1447 2295 distinctum,
1461 2217 1620 2306 querum
1632 2191 2055 2280 tenorembicvolumus

425 2226 567 2400 liabere
580 2307 912 2432 pro'insertis(sic).
928 2303 1110 2420 Exceptis
1124 2304 1255 2422 prelati
1267 2305 1390 2390 fratris
1404 2307 1532 2410 nostri,
1547 2306 1664 2392 Ducis
1675 2306 1809 2426 Magni
1823 2309 2056 2427 Sigiemundi

423 2431 533 2518 bonis
553 2428 732 2543 paternis,
752 2423 935 2510 videlicet:
959 2426 1117 2514 Troclc'r',
1138 2449 1223 2506 cum
1245 2421 1416 2508 omnibus
1437 2437 1475 2508 et
1494 2423 1653 2542 singulis
1668 2425 1887 2532 civimdbus,
1909 2429 2055 2530 caetris,
2130 2464 2132 2472 ’

424 2544 665 2646 districtibus,
686 2539 819 2656 opidis,
839 2540 946 2642 villis,
967 2537 1092 2650 curijs,
1113 2552 1150 2621 et
1169 2537 1252 2651 alijs
1272 2536 1394 2644 bonis,
1414 2539 1525 2654 plene
1545 2557 1584 2628 et
1602 2539 1810 2661 exintegro,
1829 2543 2055 2632 in'omnibus

425 2665 505 2750 suis
536 2658 707 2744 limitibus
728 2656 777 2742 ad
798 2655 1005 2771 predictum
1026 2681 1134 2739 suum
1154 2656 1414 2769 patrimonium
1434 2659 1710 2773 spectantibus3
1743 2689 1817 2776 que
1836 2674 1925 2776 post
1944 2691 2054 2748 suum

425 2781 648 2880 decessum,
679 2771 728 2860 ad
747 2773 862 2858 lilium
883 2801 990 2858 suum
1021 2767 1205 2859 lllustrem
1236 2772 1381 2860 Ducem
1406 2772 1649 2879 lllicbaelem,
1679 2803 1748 2861 seu
1766 2775 1818 2861 ad
1837 2776 1932 2863 alios
1952 2775 2051 2864 lilios

422 2897 623 3016 legittimae
659 2903 696 2978 et
726 2891 868 2978 loturos
900 2888 1158 2979 devolventur.
1202 2889 1274 2977 'Dc
1306 2891 1441 3008 quibus
1475 2891 1733 2980 nichilominus
1760 2891 1927 3008 prelatus
1964 2893 2051 3002 Dior

422 3011 606 3117 Michael,
628 3024 665 3096 et
685 3008 745 3125 alij
764 3007 826 3127 filij
848 3007 977 3112 loturi,
998 3007 1126 3116 nobis,
1147 3007 1250 3126 filijs,
1272 3010 1410 3096 nostris
1431 3009 1741 3114 successoribus,
1771 3037 1819 3098 ac
1840 3010 1995 3098 Corone
2016 3027 2053 3098 et

421 3132 565 3248 Regno
594 3126 773 3232 Polonie,
805 3155 890 3213 cum
919 3129 998 3213 suis
1019 3126 1283 3231 succedaneiS,
1314 3127 1543 3244 temporibus
1563 3129 1775 3246 perpetuis,
1805 3143 1919 3244 prout
1938 3131 2052 3216 ceteri

421 3247 620 3363 Principes
639 3242 837 3330 Littwanie
857 3258 894 3330 et
914 3244 1075 3332 Russie:
1107 3273 1174 3332 seu
1195 3243 1292 3330 Duci
1311 3244 1479 3362 Magno,
1509 3247 1797 3364 peratramque
1816 3261 1959 3363 parem
1979 3274 2049 3362 pru

422 3378 591 3482 tempore
606 3359 784 3479 eligendo
800 3358 969 3480 obsequi,
991 3359 1158 3468 obedire,
1174 3363 1396 3458 tenebuntur
1410 3378 1447 3449 et
1461 3365 1614 3454 servire.
1643 3361 1755 3476 Quos
1771 3365 1813 3468 si,
1835 3391 1910 3450 non
1924 3363 2050 3451 habita

420 3483 540 3602 prole,
561 3479 697 3566 dehac
714 3480 797 3566 luce
813 3478 1001 3568 decedere
1019 3483 1228 3600 contigerit,
1249 3495 1385 3567 extunc
1401 3478 1570 3596 predicta
1584 3481 1685 3570 bona
1700 3483 1867 3597 ipsorum
1882 3490 2050 3598 paterna,

390 3695 395 3704 ,
420 3600 470 3702 ad
493 3629 574 3704 nos,
593 3611 716 3699 natos,
738 3613 775 3684 et
794 3623 1044 3686 successores
1066 3615 1230 3702 nostros
1252 3614 1289 3685 et
1309 3598 1359 3686 nd
1382 3598 1573 3686 Coronam
1592 3595 1723 3716 Regni
1744 3597 1907 3685 Polonie
1923 3596 2052 3686 decol-

249 3731 257 3746 ‘
420 3731 562 3804 ventur.
612 3713 794 3800 Pretcrea
824 3715 944 3802 Terra
972 3723 1144 3816 Podolr'e,
1166 3745 1251 3802 eum
1273 3717 1444 3803 omnibus
1465 3713 1694 3820 civitatibus,
1725 3718 1883 3819 castris,
1913 3715 2049 3832 opidis,

420 3832 666 3934 districtibus,
696 3832 808 3948 plene
838 3845 875 3916 et
895 3835 1111 3950 exintegro,
1142 3834 1179 3918 in
1199 3835 1371 3920 omnibus
1392 3834 1472 3920 suis
1490 3833 1681 3936 limitibus,
1711 3833 1807 3920 sicut
1826 3833 1876 3919 ab
1895 3831 2048 3948 antiquo

419 3963 567 4068 spectat
586 3962 625 4034 et
644 3950 819 4065 pertinet,
850 3949 1051 4068 spectabat
1070 3968 1110 4036 et
1129 3950 1357 4065 pertinebat,
1388 3963 1565 4072 spectare
1594 3948 1706 4038 debet
1736 3965 1773 4036 ct
1791 3949 1976 4065 pertinere
1995 3947 2048 4034 ad

419 4095 489 4154 nos
520 4083 557 4154 et
584 4065 764 4185 Regnum
793 4067 953 4156 Polonie
980 4084 1166 4184 perpetuo
1195 4068 1463 4173 mineorum,
1491 4095 1613 4189 neque
1634 4066 1812 4183 deinceps
1831 4093 1900 4187 per
1919 4067 2049 4184 prela·

419 4195 496 4270 tum
516 4197 683 4270 nostrum
704 4185 875 4292 tratrem,
906 4183 1053 4272 Ducem
1082 4179 1286 4306 Magnum,
1317 4212 1567 4274 soccessores
1587 4213 1700 4288 auos,
1729 4198 1769 4272 et
1785 4213 1857 4302 per
1875 4183 2048 4288 Ducatus

417 4299 551 4418 Magni
581 4301 746 4388 incolas:
778 4305 867 4408 uros,
898 4327 1147 4391 successores
1166 4303 1304 4422 nostri,
1334 4303 1518 4422 Regnum
1539 4311 1584 4388 et
1615 4301 1791 4407 Corona,
1822 4318 1892 4418 pro
1911 4299 2047 4388 eedem

417 4431 518 4507 terra
547 4419 766 4534 impetemur
794 4421 1091 4540 quibuscumque
1112 4421 1232 4509 modis
1253 4429 1318 4508 aut
1337 4421 1528 4508 coloribus
1549 4421 1753 4537 exquisitis.
1810 4419 1922 4520 ltem,
1955 4417 2046 4533 spoia

417 4537 603 4624 stantibus
621 4537 715 4623 inter
734 4565 807 4623 nos
827 4539 1043 4654 tractatibus
1059 4535 1282 4642 huiusmodi,
1304 4552 1471 4625 castrum
1493 4543 1704 4639 Obsclslce,
1723 4535 1866 4655 dequo
1881 4533 2047 4652 demque

416 4654 573 4772 plurima
592 4653 721 4761 nobis,
752 4653 895 4772 Regno
925 4670 961 4742 et
990 4656 1158 4744 subditis·
1174 4657 1317 4744 nostris
1347 4655 1884 4772 hostiliter·icler·ebant,pcr
1908 4665 2048 4771 gentes

416 4785 567 4858 ’ΨΜ
588 4771 694 4862 l⁰ffl¹
719 4772 918 4880 Vflfltlufflt
953 4774 990 4860 5¹¹
1011 4797 1124 4882 ΟΜ,
1156 4801 1231 4892 qu⁰
1261 4773 1313 4879 td
1344 4781 1479 4860 medua
1506 4773 1659 4869 noscas
1685 4771 1757 4892 per
1775 4769 2046 4872 demostenem,
