4788 5926
1056 765 1128 846 5-
1184 741 1232 812 ec
1288 775 1334 791 -

261 1035 266 1044 ,
392 943 587 1030 immittere
608 942 819 1028 violentem.
879 939 921 1026 ln
944 941 1051 1055 cujus
1091 940 1144 1026 rei
1186 938 1453 1041 testimonium,
1496 968 1543 1024 ne
1578 939 1710 1050 aliquis
1732 951 1806 1024 tem
1828 939 2024 1056 sollempni

394 1074 522 1148 nostre
543 1060 800 1174 protestationi
821 1057 1004 1168 simulque
1026 1055 1297 1144 confirmationi
1327 1086 1423 1162 eusu
1455 1057 1655 1142 temerario
1681 1056 1805 1144 valeet
1826 1061 2024 1160 contraire,

392 1193 607 1296 presentem
628 1180 807 1294 peginam
828 1176 940 1294 sigilli
961 1177 1080 1261 nostri
1102 1175 1298 1260 munimine
1323 1177 1601 1262 confirmemus,
1664 1177 1801 1260 Actum
1830 1190 1868 1262 et
1897 1174 2024 1262 delum

392 1290 657 1404 inuocem),
680 1323 779 1382 enno
802 1293 1075 1380 incarnacionis
1097 1291 1234 1378 domini
1255 1291 1313 1378 lll⁰
1329 1291 1412 1377 CC⁰
1429 1291 1724 1408 quadragesimo
1741 1309 1861 1380 sexto.
1900 1291 2023 1408 Hujus

393 1415 446 1499 rei
468 1428 583 1500 testes
619 1428 721 1498 sunt:
785 1412 925 1498 Comes
962 1409 1190 1526 Bogumilus
1211 1409 1407 1498 Palatinus
1427 1412 1719 1512 PczneniensiS‚
1780 1409 2024 1497 Domeredus

391 1531 515 1616 ludex
555 1531 658 1614 curie
689 1546 836 1632 nostre,
877 1527 1107 1614 Trebesleus
1144 1527 1383 1614 Castellenus
1413 1529 1461 1615 de
1494 1523 1743 1631 Cbcnsr'nlssl
1782 1528 2024 1616 Pecbozleus

298 1684 302 1702 ·
397 1647 563 1734 Venator
581 1650 697 1734 curie
726 1663 873 1748 nostre,
932 1647 1130 1733 lebannes
1162 1645 1438 1753 Cancellerius‚
1500 1675 1577 1765 ego
1607 1647 1769 1733 blicbeel
1808 1645 2024 1732 Canonicus

392 1767 553 1852 ecclesie
585 1766 683 1852 beeti
714 1765 821 1866 Peuli
852 1764 900 1851 de
932 1764 1041 1850 llalis
1073 1777 1110 1850 et
1139 1764 1236 1849 beati
1269 1764 1427 1883 Georgii
1458 1766 1507 1850 de
1538 1781 1664 1851 cestro
1701 1763 1917 1850 Gneznensi
1952 1762 2022 1877 hijs

393 1884 503 1969 etiam
524 1883 685 1986 interlui,
727 1896 764 1968 et
794 1881 844 1968 ed
866 1881 1259 1998 mandatumpredicti
1283 1882 1400 1968 Ducis
1436 1883 1506 1969 iste
1539 1883 1748 1998 conscripsi
1778 1884 1815 1968 iu
1846 1879 1906 1968 die
1926 1880 2024 2012 boeti
2152 1911 2161 1918 ·
2205 1881 2211 1888 '

394 1999 539 2088 Thome
560 1999 749 2117 Apostoli.

510 2234 533 2314 ²)
562 2233 696 2307 Modrzc,
718 2232 785 2298 villo
802 2201 979 2316 parochialis
994 2232 1126 2329 regionis
1141 2231 1366 2311 Pcsueniensis,
1387 2253 1448 2298 non
1465 2233 1552 2320 longe
1568 2253 1584 2298 e
1601 2232 1668 2298 lecu
1682 2229 1884 2297 Stricoviense
1899 2229 2024 2294 distans.

380 2357 387 2364 -
507 2317 534 2413 ⁸)
565 2317 702 2414 dboezyn
722 2317 1118 2416 oppidum·perocbr·elc·ct
1140 2318 1467 2415 cestrum-(Germanis
1490 2315 1690 2416 deutschen),
1715 2316 1746 2380 in
1768 2317 1882 2400 Magno
1903 2314 2024 2378 Ducetu

392 2401 598 2478 Posncmensr,
612 2420 745 2486 regroms
759 2401 995 2474 Medzrncensrs,
1008 2425 1041 2470 m
1058 2403 1147 2469 litore
1163 2405 1246 2470 locus
1262 2405 1400 2487 ejusdcm
1416 2422 1557 2502 nominis.

1124 2683 1301 2794 xxxv.

547 2938 552 2950 ·
602 2915 941 3036 cracoviae,
968 2933 1124 3016 anno
1148 2889 1307 3001 1249
1328 2915 1422 3000 ore
1448 2915 1536 3002 25.
1563 2939 1633 3002 m.
1660 2915 1822 3000 caree.

395 3093 663 3174 Beleslens
678 3100 810 3174 iudices
824 3101 894 3172 itu
909 3099 1078 3174 decente
1094 3103 1129 3172 et
1143 3099 1368 3186 enecuere,
1386 3118 1498 3174 nonem
1512 3106 1633 3193 penem
1648 3100 1740 3194 annui
1752 3101 1923 3192 preventus
1938 3099 2025 3188 mle

449 3219 542 3295 quen
556 3201 595 3274 tle
608 3203 968 3276 romuuoeuemtn
981 3204 1185 3295 percipiebat,
1209 3203 1361 3277 coenobie
1376 3203 1632 3276 bistereiemium
1654 3200 1968 3292 chioeenritcneQ

457 3303 628 3396 eidemque,
644 3303 672 3375 si
686 3304 811 3396 comte
824 3306 856 3378 iu
870 3305 1067 3379 cracoviensi
1081 3296 1132 3380 iet
1148 3305 1389 3378 sentiomitiemi
1402 3305 1525 3378 uicem
1538 3321 1621 3379 nore
1635 3305 1724 3390 mbo,
1738 3303 1864 3396 plumbi
1878 3301 1964 3395 cupri

455 3406 506 3478 rei
521 3407 625 3480 cunni
639 3407 768 3480 neuile
783 3425 878 3499 opere
890 3424 952 3480 sue
965 3408 1117 3482 urenerit
1130 3413 1164 3481 et
1177 3408 1360 3495 uiuerent
1375 3408 1428 3480 ret
1442 3405 1623 3480 intermisse
1636 3406 1812 3494 recoluerit,
1826 3403 1963 3494 tortian,

560 3507 589 3581 ti
603 3525 676 3581 rere
692 3508 760 3580 turi
775 3508 827 3582 rel
841 3509 974 3600 eguit,
990 3510 1130 3602 cunum
1143 3511 1266 3602 penem
1280 3509 1401 3582 retitur
1415 3508 1486 3580 tutte
1502 3507 1860 3598 municissimum.

496 3712 538 3798 ln
575 3716 723 3799 nomine
745 3730 875 3800 sancte
916 3731 953 3800 ei
992 3715 1179 3801 individue
1201 3716 1387 3816 trinitatis
1428 3745 1549 3800 emen.
1611 3712 1835 3829 Apostolice
1856 3713 2027 3800 doctrine

395 3832 563 3918 instructi
604 3829 819 3920 didicimus:
871 3833 932 3938 qui
969 3833 1126 3916 seminet
1166 3836 1202 3918 in
1237 3831 1579 3935 benedictionibus,
1622 3830 1671 3916 de
1707 3830 2026 3938 benedictionibus

396 3964 508 4035 metet
528 3950 639 4034 vitem
662 3963 839 4034 eternam.
880 3946 1002 4032 Huius
1023 3949 1135 4064 igitur
1155 3947 1424 4035 benedictionis
1445 3951 1638 4065 cupientes
1660 3950 1782 4063 gretie
1802 3951 2027 4065 participari,

395 4098 467 4153 nos
503 4065 708 4153 Bolezleus
744 4065 841 4152 filius
863 4063 1081 4168 Lesnonis,
1137 4065 1196 4152 dei
1229 4067 1362 4182 grecie
1397 4065 1485 4152 Dux
1508 4061 1694 4152 Crecovie
1731 4081 1767 4154 ct
1802 4067 2026 4172 Sudomirie,

310 4293 313 4298 Ι
398 4185 563 4300 presenti
596 4185 735 4302 pagine
759 4185 931 4270 omnibus
952 4185 988 4269 in
1019 4183 1168 4270 Christo
1190 4181 1363 4270 lidelibus
1383 4199 1510 4271 notum
1533 4185 1709 4292 lecimuS,
1750 4200 1843 4294 quot
1863 4187 2027 4271 claustro

400 4299 449 4386 dc
480 4305 662 4386 Wanclzcz
682 4299 734 4395 (²)
773 4302 1035 4388 Cisterciensis
1058 4301 1198 4388 ordinis
1234 4304 1269 4389 in
1306 4303 1450 4389 honere
1470 4304 1551 4416 (sic)
1586 4304 1696 4390 beate
1721 4300 1843 4388 Mane
1872 4302 2027 4422 virginis

497 4533 536 4616 (¹)
566 4533 709 4601 Etebule
726 4531 898 4598 authentice
912 4536 1143 4603 membranaceo
1158 4537 1201 4600 lll.
1216 4536 1344 4604 Comitis
1359 4536 1484 4620 losephi
1499 4537 1641 4602 Rusiecki
1655 4536 1786 4622 proprie,
1800 4535 1899 4621 sigillo
1910 4535 2025 4602 etsoci-

397 4617 476 4693 culo‚*
491 4637 551 4701 quo
567 4619 697 4698 sigillum
714 4638 879 4706 appensum
897 4618 990 4684 luisse
1005 4622 1134 4691 videtur.
1146 4620 1210 4706 jem
1227 4622 1369 4686 destitute
1389 4623 1466 4686 doct
1482 4626 1551 4684 Ant
1567 4621 1777 4686 Muczlcwsli
1793 4621 1961 4705 descripsit„
2012 4641 2023 4658 ·

498 4703 538 4783 (²)
576 4703 722 4783 Wnclicclr
736 4703 882 4788 oppidum
899 4703 1073 4789 peroclrielc
1089 4713 1119 4770 et
1139 4706 1285 4786 chloclr
1300 4706 1443 4770 ittaezrtr
1458 4725 1554 4788 pegus
1564 4706 1679 4790 oppido
1692 4705 1848 4789 proximus
1863 4708 1892 4770 in
1905 4725 1937 4769 re
1960 4705 2028 4769 ione

386 4783 559 4881 -Solecensi,
573 4790 715 4853 territorii
726 4787 946 4872 Opntcviensis.
970 4787 1161 4854 Coenobium
1175 4791 1421 4858 Cistcrciensium
1434 4790 1646 4865 Weebcceuse
1657 4810 1737 4856 enno
1750 4791 1842 4868 itit,
1853 4811 1871 4856 n
1883 4727 2029 4856 Gedeone

384 4871 552 4966 ¹Episcopo
568 4869 760 4940 Crocoviensi
776 4871 935 4940 fundatum
951 4871 1052 4950 luisse,
1067 4873 1250 4958 Dlugossius
1266 4877 1331 4941 Lib.
1347 4877 1398 4939 Vl.
1415 4895 1480 4958 peg.
1495 4873 1559 4940 540
1573 4873 1674 4940 refert
