4870 5948
1983 729 2027 780 =v1

394 897 647 988 concmnentie.
690 893 1238 994 Collectiolrneo'copiodseime,
1262 895 1378 986 adbuc
1390 897 1429 970 in
1446 893 1653 972 adversariis
1668 885 1878 987 asservetur,
1897 898 2027 974 etenim

394 1025 485 1100 opus
509 999 622 1098 magis
645 999 880 1071 necessarium
905 997 1053 1094 plusque
1079 995 1330 1086 desideratim,
1357 997 1613 1096 suscipiendum
1636 997 1740 1072 nobis
1753 1017 1832 1072 esse
1845 997 2026 1076 duximusi

394 1103 472 1177 illos
495 1101 614 1195 itaque
637 1097 785 1189 indices,
810 1099 1057 1194 siveregeste,
1082 1099 1265 1196 posteriori
1279 1108 1443 1196 ternpore
1458 1097 1593 1172 edenda
1609 1095 1820 1196 reponimus.
1873 1097 2026 1174 Omnem

394 1225 516 1282 curem
533 1197 793 1289 adhibebimus,
817 1208 859 1270 ut
873 1199 935 1279 ille
948 1199 1176 1288 absolvente
1191 1209 1231 1272 et
1245 1198 1445 1295 plenissime
1458 1199 1670 1289 reddantur,
1696 1200 1815 1296 sicque
1829 1201 1919 1284 fient
1933 1225 2028 1274 com·

490 1309 611 1374 entum
641 1297 786 1390 Codicis,
814 1321 922 1396 quem
951 1298 1055 1372 hodie
1083 1297 1318 1396 publicemus,
1349 1301 1509 1396 quemvis
1537 1323 1617 1374 eum
1638 1301 1795 1374 ¹fortasse
1816 1323 1943 1398 preece
1976 1383 1979 1390 ,

419 1401 607 1475 ebuiment
777 1435 780 1440 Α
840 1443 843 1452 =
1540 1445 1543 1454 ·
1852 1429 1856 1444 ·
1928 1431 1932 1438 ·

495 1498 792 1598 Aggredientibus
807 1500 908 1572 nobis
923 1500 1124 1596 incoeptum
1140 1523 1233 1598 opus
1244 1523 1416 1597 magnum
1433 1499 1598 1574 obstnbat
1608 1499 1912 1598 impedimentisne
1929 1523 2027 1574 nam·

394 1625 464 1704 que
487 1599 688 1698 colligendis
713 1599 962 1697 diplomatibus
986 1601 1164 1697 occupati,
1194 1600 1491 1697 haudquaquam
1516 1599 1574 1673 illa
1599 1601 1723 1678 eodem
1747 1611 1907 1698 tompore
1931 1602 2027 1700 typis

394 1703 542 1800 mulgere
556 1711 769 1798 poteramus
820 1700 944 1797 anue
965 1725 1023 1775 res
1046 1701 1124 1798 ipse
1147 1703 1334 1798 plurimum
1359 1725 1479 1776 mores
1501 1701 1620 1776 attrlit
1639 1697 1773 1775 edendo
1791 1703 1907 1799 operi,
1931 1701 2027 1798 quod

390 1803 617 1902 jem-aliquot
632 1811 717 1874 ente
733 1801 833 1874 annis
850 1801 1099 1898 publicandum
1124 1804 1425 1876 consumeremus.
1476 1801 1566 1875 Illud
1582 1802 1869 1899 impedimentum
1886 1825 2027 1899 supere·

396 1915 474 1978 tum
492 1912 547 1976 est
563 1925 644 1974 cum
660 1911 782 1974 nostro
798 1903 954 1998 ipsorum
972 1901 1097 1992 stadie,
1122 1913 1200 1974 turn
1216 1904 1323 1975 etium
1339 1904 1495 1976 officioso
1511 1902 1668 1979 vironrm
1684 1903 1824 1991 auxilio,
1851 1904 1911 1998 qui
1937 1903 2028 1975 evel-

395 2004 509 2078 lentes
526 2003 643 2074 enimo
659 2001 763 2075 nimis
779 2001 898 2075 adhuc·
910 2005 981 2086 alte
998 2004 1117 2076 insitas
1134 2001 1355 2100 popularium
1367 2014 1570 2080 nostrorum
1583 2005 1772 2100 opiniones,
1790 2003 2028 2076 lubentissime

394 2103 497 2177 nobis
520 2101 656 2175 editum
680 2126 825 2175 suorum
849 2102 1101 2174 tabulariorum
1125 2104 1342 2200 privetomm
1368 2104 1549 2176 dederunt
1601 2101 1715 2176 Hodie
1738 2113 1822 2175 srmt
1838 2103 1939 2176 nobis
1950 2104 1966 2199 j

395 2204 541 2278 collecte
556 2203 785 2290 munimenta,
803 2227 893 2296 quse
910 2201 1048 2274 duobus
1067 2201 1124 2275 vel
1140 2201 1252 2273 tribus
1263 2203 1498 2276 veluminibus
1510 2203 1738 2274 contexendis
1752 2204 1853 2275 »facile
1870 2204 2029 2276 sufficere

393 2313 563 2401 possunt;
588 2303 798 2393 minimeque
815 2300 1025 2389 dubitemus,
1043 2302 1126 2395 quin
1144 2302 1297 2395 primum
1313 2304 1421 2374 hocce
1438 2303 1604 2376 volumen
1621 2302 1657 2372 in
1672 2303 1787 2374 lucem
1804 2302 1947 2390 editum,
1963 2325 2026 2374 no·

394 2425 461 2476 vos
478 2399 593 2474 edhuc
609 2399 710 2471 nobis
726 2400 842 2470 sontes
860 2398 1099 2470 denvetumm
1115 2400 1170 2470 sit
1221 2395 1339 2484 Quum
1356 2398 1456 2470 nobis
1479 2401 1515 2471 in
1532 2401 1648 2469 animo
1666 2400 1728 2488 sit,
1754 2425 1859 2494 quem
1879 2401 2027 2495 plurime

395 2504 518 2600 ignote
534 2499 752 2572 munimento
769 2494 881 2587 edere,
899 2497 979 2570 ideo
994 2522 1066 2569 non
1084 2521 1271 2594 possumus
1289 2496 1471 2594 designare
1488 2499 1592 2570 finem
1609 2500 1761 2594 suscepti
1778 2525 1800 2570 e
1816 2499 1916 2572 nobis
1933 2499 2027 2572 lebo-

395 2603 460 2676 rist
490 2621 658 2672 numerum
675 2598 894 2670 voluminum
910 2595 1015 2695 hujus
1032 2598 1148 2694 operis
1164 2597 1331 2694 pendebit
1347 2623 1393 2670 ex
1410 2607 1583 2696 apparatu
1599 2599 1911 2689 munimentorum,
1936 2625 2027 2694 quee

248 2787 254 2792 ,
398 2699 725 2799 suppeditabuntnr.
776 2695 936 2771 Eandem
952 2698 1000 2771 ob
1016 2723 1159 2771 oausam
1175 2723 1266 2796 opus
1283 2699 1389 2770 hocce
1404 2723 1478 2771 non
1494 2701 1544 2772 ite
1560 2697 1693 2772 institui
1710 2700 1838 2796 potuit,
1862 2710 1904 2771 ut
1920 2699 2027 2798 diplo«

397 2814 495 2876 mete
509 2801 677 2874 continuo
694 2796 816 2872 ordine
833 2799 1077 2896 chronologico
1095 2797 1370 2896 disponerentur.
1394 2797 1533 2877 deesset
1550 2800 1641 2873 enim
1658 2801 1764 2880 locus,
1783 2824 1853 2895 quo
1869 2811 2029 2875 recenter

399 2901 527 2977 detecti
542 2902 669 2989 fontes,
684 2899 743 2994 qui
761 2924 784 2970 e
800 2899 902 2972 nobis
919 2899 1138 2996 cupidissime
1150 2901 1411 2994 conquiruntur,
1427 2901 1648 2973 referrentur.
1691 2898 1855 2973 Ceterum
1867 2911 2034 2988 coetuum¹

398 3027 506 3102 opus,
531 3012 573 3074 ut
588 3010 711 3072 nostre
726 3001 796 3073 fert
811 3001 937 3097 opinio,
954 3001 1096 3072 minime
1112 3001 1306 3097 perfectum
1323 2999 1388 3072 dici
1404 3012 1539 3097 potest,
1565 3024 1674 3095 quum
1690 3001 1793 3073 certis
1810 3001 1855 3072 sit
1869 3003 2027 3076 terrrrinis

498 3199 549 3276 Ut
572 3200 729 3275 laborem
752 3209 914 3274 cestuum
938 3198 1190 3283 divideremus,
1214 3200 1353 3273 nonnisi
1377 3223 1485 3273 unam
1507 3199 1687 3298 periodum
1704 3200 1868 3276 historice
1883 3213 2027 3277 nosnos

397 3303 582 3401 eleg'nnus,
611 3302 740 3375 scilicet
764 3302 916 3397 spatium
940 3302 1108 3398 temporis
1132 3301 1213 3374 inde
1237 3301 1283 3374 eb
1308 3301 1555 3398 antiquissimis
1577 3301 1813 3398 temporibus,
1842 3309 1954 3398 usque
1978 3301 2025 3376 ed

395 3401 531 3501 Regem
555 3399 817 3502 Sigismundum
840 3401 885 3493 L,
914 3403 972 3498 qui
989 3425 1085 3474 enno
1104 3403 1202 3476 1506
1218 3425 1366 3499 regnare
1382 3403 1507 3498 coepit
1557 3400 1741 3498 Privilegie
1764 3404 1958 3498 imperante
1983 3427 2026 3476 eo

396 3502 495 3601 Rege
506 3503 643 3594 collata,
659 3511 781 3576 nostro
794 3502 891 3600 operi
901 3527 974 3575 non
986 3504 1192 3591 inserentur,
1209 3503 1275 3574 nisi
1292 3526 1383 3596 quae
1395 3502 1442 3574 eb
1453 3503 1511 3572 illo
1528 3499 1698 3597 Principe,
1716 3504 1767 3574 uti
1779 3501 1910 3600 Magno
1926 3501 2026 3575 Duce

396 3601 621 3693 lidruaniee,
646 3627 812 3676 concesse
829 3614 921 3675 sunt
971 3603 1101 3675 Fontes
1117 3605 1236 3697 itaque
1252 3601 1492 3699 diplomaticos
1508 3601 1598 3676 illius
1614 3601 1746 3699 periodi
1762 3602 2027 3700 complectentis¹

398 3703 551 3800 quinque
567 3705 715 3796 mocula,
734 3701 989 3776 &sumendos
1005 3703 1107 3776 nobis
1124 3703 1348 3800 suscepimus

411 3852 415 3862 -
500 3803 542 3876 ln
559 3802 784 3900 &sequendo
798 3803 923 3876 labore
933 3813 1068 3894 noeto,
1085 3805 1266 3899 sequentis
1282 3801 1503 3880 observande
1517 3802 1621 3876 nobis
1635 3802 1898 3900 proposuimus:

503 3907 534 3976 1.
572 3902 857 3998 Unumquodque
880 3905 1046 3976 volumen
1071 3904 1262 3976 continebit
1278 3904 1468 4002 diplomate
1483 3903 1606 3978 ordine
1621 3904 1867 4000 chronologico
1881 3899 1963 4000 inde
1978 3901 2025 3976 ab

397 4003 644 4100 mtqnssimis
668 4001 883 4100 temporibus
907 4027 1019 4099 usque
1048 4002 1115 4096 ed.
1129 4029 1160 4075 a.
1189 4005 1285 4078 1506
1312 4003 1490 4100 disposite
1550 4002 1624 4084 Sic,
1655 4001 1835 4098 quodlibet
1858 4001 2026 4076 volumen

376 4091 580 4180 'exubere
594 4115 801 4276 Ἥρω
818 4103 1027 4193 ebsoluurm,
1044 4105 1187 4176 minime
1203 4101 1449 4200 diplomatibus
1465 4105 1677 4198 reliquorum
1692 4103 1910 4179 voluminum
1922 4103 2026 4177 inter·

271 4251 277 4256 -
397 4229 440 4279 ru
464 4215 552 4280 tum.
636 4205 805 4300 nicuique
821 4204 988 4276 volumini
1006 4201 1236 4276 adnectentur
1252 4214 1392 4301 regesta
1406 4204 1610 4276 umescens.
1661 4199 1830 4290 Quolibet
1842 4225 1935 4278 enno
1951 4205 2026 4278 vul·

468 4306 538 4379 'tur
553 4305 664 4378 urium
679 4305 853 4394 voltnnen,
870 4305 1051 4378 continens
1067 4305 1250 4377 minimum
1268 4307 1340 4378 200
1356 4303 1549 4402 diplomate
1565 4299 1722 4399 ¹ejusdem
1739 4302 1879 4400 periodi.
1907 4353 1910 4364 ·

501 4407 534 4478 2.
572 4403 626 4478 Ee
650 4407 764 4478 solum
788 4406 985 4496 inserentur
1007 4405 1242 4496 munimenta,
1273 4427 1363 4500 ques
1386 4429 1435 4476 ex
1457 4404 1657 4502 archetypis
1683 4405 1938 4495 describentur,
1968 4405 2027 4482 vel

397 4527 489 4604 quae
501 4505 755 4580 denvebimtur
764 4529 810 4580 ex
823 4505 986 4596 sontibus,
1003 4505 1049 4579 de
1064 4525 1213 4601 quonum
1228 4505 1299 4577 fide
1315 4505 1515 4578 authentice
1530 4506 1672 4578 minime
1684 4506 1889 4601 ambigetur.
1923 4503 2026 4578 Henc

397 4607 498 4680 nobis
523 4608 746 4704 praecipuam
770 4606 951 4703 posuimus
972 4607 1104 4704 legem,
1129 4629 1175 4678 ne
1193 4630 1263 4701 que
1278 4615 1483 4703 repetantur
1498 4607 1732 4695 munimenta,
1757 4629 1849 4701 quee
1858 4606 1936 4702 jem
1951 4606 2026 4679 ubi-

397 4731 548 4803 cumque
576 4709 671 4806 typis
700 4706 874 4806 descripte
903 4719 1003 4780 eunte
1037 4718 1122 4779 tunc
1152 4717 1271 4779 nmen
1299 4731 1379 4780 sem
1407 4709 1521 4804 legem
1550 4705 1759 4803 neglecturi,
1793 4729 1902 4803 quum
1931 4707 2026 4808 typis

393 4806 469 4904 jam
494 4807 629 4904 vulgat
653 4806 851 4906 diploumtis
875 4809 1092 4908 archetypon
1114 4808 1226 4898 necti,
1250 4807 1667 4884 animadvertemusillud
1691 4809 1749 4882 vel
1774 4831 1957 4906 perpetem
1973 4829 2026 4896 re·

1819 4921 1851 4974 bt
