4788 5926
181 2227 188 2242 ,
318 2243 321 2250 ,
456 2144 617 2233 cundum
634 2145 867 2254 locacionem
883 2144 1041 2244 ciuitatis
1063 2137 1243 2258 Nouilorj.
1277 2142 1394 2257 Quod
1417 2146 1449 2231 si
1471 2174 1587 2261 super
1601 2145 1728 2264 aliquo

1133 807 1179 822 -
1231 768 1307 848 ,122
1362 807 1406 822 -

455 972 571 1060 libere
602 1001 686 1057 cum
718 971 795 1058 suis
826 971 989 1086 posteris
1019 969 1236 1088 assignauit.
1287 965 1371 1056 Nos
1390 968 1521 1088 igitur,
1552 967 1680 1055 audita
1699 969 1809 1058 buius
1831 972 2085 1064 ordinacionis

455 1092 565 1195 serie,
587 1089 846 1207 prenominato
866 1085 1044 1173 Hankino
1066 1102 1100 1172 et
1122 1087 1201 1173 suis
1222 1086 1511 1199 successoribps
1532 1117 1601 1174 seu
1618 1087 1821 1177 heredibus
1838 1090 2084 1179 aduocaciam

455 1209 723 1323 imperpetuum
755 1201 1037 1308 confirmamus,
1074 1203 1206 1290 dantes
1229 1203 1350 1290 eidem
1372 1205 1522 1291 omnino
1543 1203 1695 1290 liberam
1717 1207 1928 1296 facultatem
1949 1209 2085 1296 balnea

454 1339 695 1428 construere,
732 1322 931 1427 maccella,
966 1322 1113 1408 bancos
1134 1350 1204 1438 pro
1224 1351 1324 1437 pane
1343 1320 1564 1426 vendendo,
1601 1324 1741 1409 curiam
1772 1354 1843 1439 pro
1873 1325 2085 1414 mactandis

453 1441 680 1561 peccoribus
701 1455 736 1526 et
757 1439 903 1528 bancos
924 1453 1104 1544 sutorum,
1125 1437 1384 1524 ‘molendinum
1407 1469 1475 1523 seu
1496 1439 1709 1526 molendina
1730 1471 1777 1527 ex
1797 1456 1957 1552 utraque
1977 1455 2091 1561 parto

454 1559 612 1648 ciuitatis
623 1594 634 1666 ;
664 1587 738 1675 que
757 1557 873 1644 libera
895 1558 1046 1644 omnino
1067 1556 1191 1643 omnia
1212 1587 1299 1644 esse
1324 1555 1497 1643 volumus
1520 1576 1551 1642 a
1570 1556 1767 1646 solucione
1787 1587 1946 1664 census,
1978 1575 2016 1646 et
2035 1560 2084 1648 ab

453 1678 556 1767 omni
584 1676 791 1763 exaccione
821 1673 982 1792 pacifica
1009 1689 1046 1762 et
1070 1671 1204 1791 quieta.
1245 1671 1305 1760 De
1337 1672 1522 1762 uniuersis
1547 1667 1701 1792 judiciis
1729 1675 1937 1762 aduocatus
1967 1675 2085 1764 debet

451 1795 607 1884 tercium
633 1793 827 1880 denarium
847 1793 1037 1909 recipere,
1061 1821 1138 1908 pro
1153 1790 1263 1878 nobis
1279 1790 1428 1898 duobus
1444 1791 1609 1909 denarijs
1624 1795 1842 1908 reseruatis.
1883 1793 1943 1882 De
1962 1823 2084 1881 censu
2103 1811 2105 1816 ’

453 1927 577 2000 autern
599 1913 765 2029 quinque
784 1910 924 2026 denarij
949 1909 1056 1996 nobis
1087 1906 1222 1996 cedent
1256 1924 1293 1996 et
1311 1923 1442 1998 sextus
1473 1907 1522 1996 ad
1544 1908 1770 1998 advocatum
1790 1911 1998 2027 pertinebit.
2039 1909 2083 1997 ln
2132 1941 2136 1948 ·

455 2029 626 2119 omnibus
648 2044 771 2114 autem
785 2027 884 2142 aliis,
916 2025 1127 2113 aduocatos
1150 2040 1186 2110 et
1202 2023 1307 2113 ciues
1328 2056 1402 2112 sua
1416 2028 1503 2143 jura
1523 2040 1677 2114 teneant
1697 2043 1734 2114 et
1750 2028 1988 2230 gubernent,
2020 2057 2084 2116 se-

1777 2145 1954 2231 ubitatum
1971 2146 2086 2233 luerit

453 2263 631 2371 articulo,
668 2262 718 2348 ad
732 2262 797 2377 jus
818 2261 977 2366 ciuitatis
998 2259 1262 2348 Nouilorensis
1282 2293 1352 2380 per
1372 2263 1478 2377 ipsos
1500 2275 1558 2350 est
1577 2261 1859 2351 recurrendum.
1901 2260 1992 2348 ltem
2015 2259 2084 2348 ad·

453 2380 613 2468 didimus
625 2380 814 2476 aduocato
823 2379 1019 2496 prehabito
1034 2380 1289 2495 piscacionem
1305 2380 1342 2464 in
1360 2385 1513 2497 Warttc
1529 2379 1662 2485 fluuio,
1694 2381 1900 2468 etlittorum
1917 2379 2082 2468 eiusdem

359 2565 362 2576 .
452 2499 648 2602 utilitates,
679 2499 715 2582 in
733 2503 909 2612 quantum
926 2498 1028 2582 circa
1045 2495 1148 2580 idem
1161 2495 1260 2611 littus
1278 2497 1498 2583 territorium
1509 2498 1699 2612 pertinens
1716 2498 1766 2584 ad
1776 2497 2085 2611 Brzesznyczam

452 2646 497 2703 se
518 2613 692 2720 extendit.
726 2613 983 2698 Venacionem
1004 2641 1156 2732 quoque
1176 2615 1211 2698 in
1236 2611 1405 2699 districtu
1428 2613 1739 2716 Brzeszniczensi
1754 2613 1874 2702 eidem
1891 2613 2083 2700 aduocato
2174 2649 2179 2656 ·

453 2731 590 2818 et'suis
612 2729 776 2847 posteris
797 2724 1029 2831 addidimus,
1060 2743 1097 2814 et
1112 2729 1350 2830 facultatem,
1366 2729 1531 2846 quolibet
1547 2730 1661 2817 modo
1677 2762 1746 2816 seu
1766 2730 1933 2836 artificio,
1955 2734 2083 2850 genus

453 2880 565 2938 omne
585 2849 748 2932 serarum
769 2843 952 2962 capiendi.
994 2845 1175 2938 Preterea
1197 2847 1368 2934 volumus
1390 2861 1428 2950 et
1443 2846 1599 2966 dignum
1615 2844 1787 2935 duximus
1803 2845 2082 2954 admittendum,

453 2964 556 3084 quod
575 2981 647 3051 tam
665 2963 905 3067 Aduocatus‚
928 2993 1038 3082 quam
1056 2964 1160 3050 ciues
1176 2962 1371 3081 sepedicta
1387 2963 1544 3052 ciuitatis
1562 2967 1602 3051 in
1625 2979 1703 3053 toto
1725 2964 1892 3053 districtu
1914 2965 2082 3075 villarum

452 3079 523 3172 'sibi
543 3083 800 3168 adiacencium
823 3085 999 3194 Dopycz'e
1019 3081 1190 3168 videlicet
1206 3097 1242 3168 et
1260 3085 1466 3195 Cruptyno,
1497 3089 1865 3196 Daorzysclrowicze
1882 3090 2084 3194 etantiqua

453 3201 612 3287 ciuitatis
627 3196 955 3310 ermenone)
971 3201 1126 3317 pascuis
1148 3201 1198 3284 uti
1219 3198 1334 3287 libere
1353 3200 1504 3287 valeant
1525 3213 1562 3284 et
1581 3199 1695 3318 lignis
1716 3203 1797 3288 sine
1814 3203 2083 3308 omni-contra·
2183 3211 2197 3224 “

453 3313 635 3404 diceione.
654 3323 657 3330 ’
677 3316 821 3403 Damus
852 3331 977 3403 autem
1008 3317 1152 3404 ciuilius
1185 3316 1233 3402 de
1262 3315 1533 3433 Brzesznycza
1565 3316 1787 3434 locatis‘per
1806 3316 2023 3404 Hanlinum
2046 3316 2083 3403 in

450 3432 563 3522 Noua
595 3434 753 3520 Ciuitate
783 3433 833 3520 ab
865 3435 963 3521 omni
985 3465 1122 3535 censu,
1154 3435 1286 3551 spacio
1307 3467 1377 3524 sex
1397 3466 1596 3539 annorum,
1627 3433 1832 3551 plenariam
1852 3429 2082 3524 libertatem.

393 3567 397 3572 '
452 3551 545 3665 Qua
565 3552 731 3658 euoluta,
756 3555 847 3667 jure
864 3549 1034 3671 Nouilorj
1057 3551 1219 3639 subesse
1239 3552 1347 3640 nobis
1369 3553 1405 3638 in
1427 3552 1599 3638 omnibus
1621 3552 1852 3639 tenebuntur.
1895 3549 1948 3638 Ut
1958 3563 2083 3636 autem

450 3669 523 3757 hec
547 3668 671 3755 omnia
692 3668 909 3783 supradicta
929 3671 1045 3755 robur
1068 3685 1248 3786 perpetue
1270 3671 1479 3770 stabilitatis
1502 3671 1711 3778 obtineant,
1742 3685 1779 3756 et
1794 3669 1927 3757 nullius
1944 3669 2082 3754 ‘calum-

450 3783 726 3905 pniesorupulo
739 3784 799 3869 vel
811 3787 1027 3870 temeritatis
1039 3787 1429 3904 possintaliquatenus
1439 3787 1646 3904 prepedirj‚
1678 3792 1891 3905 presentem
1902 3817 1952 3904 pa
1985 3786 2082 3871 inam

443 3905 571 4020 nostrj
588 3902 823 4021 appensione
840 3900 950 4020 sigilli
966 3902 1122 3988 lecimus
1139 3905 1369 4024 consignarj.
1410 3905 1548 4008 Actum
1569 3906 1605 3990 in
1621 3911 1792 4006 Sirodt'c,
1825 3916 1924 3992 anno
1941 3815 2081 3990 <baini

452 4023 645 4124 millesimo
667 4019 925 4106 ducentesimo
948 4019 1210 4138 octuagesimo
1231 4023 1401 4137 septimo.
1443 4019 1690 4136 Prasontibus'
1710 4017 1810 4140 bijs,‘
1834 4049 1991 4141 quorum
2008 4020 2082 4106 hec

453 4150 541 4223 sunt
560 4139 709 4224 nomina
732 4135 874 4224 Comes
896 4135 1080 4242 Martias,
1113 4136 1254 4224 Comes
1275 4138 1420 4226 Paulus
1447 4139 1692 4244 castellanus,
1723 4139 1897 4225 dominus
1917 4135 2082 4225 llliobael

452 4250 701 4365 cancellarius
717 4255 952 4360 siradiensis‚
976 4255 1115 4342 Comes
1130 4254 1386 4376 lllostignews
1403 4255 1632 4345 castellanus
1648 4256 1697 4344 de
1712 4255 1930 4372 Roszprza‚
1952 4283 2083 4340 comes

451 4369 668 4460 Miscissius
694 4369 814 4487 judex
834 4373 1071 4481 siradiensis‚
1103 4371 1277 4466 dominus
1297 4375 1494 4500 Philippus
1504 4380 1630 4486 deeae
1647 4381 1884 4479 ruodi‘enai,
1902 4377 2097 4472 'domibus

552 4721 592 4819 (ξ)
621 4723 740 4822 Dupr'ce
753 4693 785 4789 et
799 4719 934 4810 Kmplin
950 4722 1116 4823 parocbiaa·
1124 4725 1358 4824 Brrcdnicepsis,
1372 4724 1593 4821 Dwomowipe
1605 4729 1752 4823 autemst
1760 4724 1895 4822 Ampe
1904 4717 2082 4792 urrunnu

450 4804 886 4976 pppcpplpplppippltpippepmnm
900 4807 1134 4875 Petrreomensu
1148 4817 1294 4878 terntom
1307 4817 1339 4876 at
1351 4809 1588 4878 Redonucensrs
1602 4825 1745 4894 regionis,
1758 4831 1792 4876 m
1807 4823 1978 4894 propinquo
1991 4805 2082 4872 uno·
