4800 5942
1107 711 1384 786 —sto—

431 917 542 1006 nobis
573 932 610 1004 ot
642 915 797 1005 Corona
823 913 987 1002 retinere
1011 909 1213 1021 vellemus3
1245 911 1348 1032 quod
1367 913 1488 1002 stabit
1505 911 1550 1000 in
1570 927 1701 1002 nostra
1726 911 1843 1002 libera
1860 914 2067 1005 uoluntate.

285 1145 288 1152 Ι
431 1035 516 1124 Alia
536 1064 629 1125 uero
651 1035 748 1122 siout
776 1023 963 1130 lucrida,
1004 1037 1233 1119 fftodr‘nu'rr'c
1259 1031 1389 1119 et'afio
1417 1043 1567 1136 castra,
1599 1031 1769 1118 civitates
1799 1048 1847 1120 et.
1865 1032 2066 1141 districtus,

432 1152 547 1271 opida
557 1196 571 1256 ,·
598 1152 703 1258 vilfe,
734 1151 862 1253 curie,
887 1149 926 1234 in
946 1149 1025 1236 suis
1054 1149 1225 1237 limitibus
1255 1149 1448 1253 omnibus,
1480 1149 1590 1267 piene
1613 1162 1663 1234 et
1693 1151 1892 1269 exintegro
1913 1148 1994 1236 adi
2020 1180 2067 1239 sa

432 1269 669 1373 sectanda,
707 1299 781 1386 que
816 1268 931 1356 frater
966 1281 1116 1370 noster,
1152 1267 1252 1354 bone
1286 1268 1466 1353 memorie
1500 1265 1674 1353 domiuus
1709 1265 1941 1356 Affexauder
1969 1179 2066 1356 aiios

431 1301 660 1490 ii'itawdus,
682 1386 770 1496 olim
790 1385 957 1502 Magnus
972 1382 1062 1470 Dux
1081 1382 1277 1472 Litbvanie
1292 1383 1525 1499 possidebat,
1541 1393 1670 1498 preter
1691 1397 1818 1471 eastra
1838 1384 1888 1470 ad
1909 1385 2067 1474 Terram

431 1512 585 1591 Podotie
605 1504 844 1622 speetanoia:
875 1503 995 1588 eciam
1015 1503 1047 1588 si
1069 1503 1193 1589 medio
1217 1516 1386 1618 temporo
1412 1501 1463 1588 ad
1491 1502 1774 1618 possessionem
1806 1515 1976 1590 nostram
2004 1516 2068 1590 aut

389 1676 390 1682 κ
435 1625 587 1710 Corone
608 1639 646 1708 et
667 1622 793 1739 Regni
813 1620 932 1708 nostri
952 1619 1191 1706 devenirent:
1223 1619 1373 1736 prefato
1396 1619 1500 1706 fratri
1528 1616 1661 1706 bostro
1692 1620 1788 1706 Duoi
1818 1617 1986 1738 Magno,
2017 1617 2068 1708 ad

431 1754 604 1856 tempora
632 1740 716 1828 vite
730 1769 801 1826 sue
820 1735 982 1824 tenenda
1003 1751 1040 1823 et
1059 1735 1291 1854 possidenda
1322 1736 1514 1841 dabimus,
1535 1736 1691 1854 darique
1711 1737 1892 1824 faciemus
1912 1750 1949 1823 et
1968 1737 2066 1823 assi-
2180 1783 2182 1788 v

488 1857 554 1944 ari.
602 1856 690 1969 Qua
721 1854 871 1976 quidem
902 1868 1030 1942 castra
1061 1857 1227 1971 prefatus
1259 1855 1374 1942 frater
1402 1871 1544 1961 noster,
1574 1851 1664 1940 Dux
1693 1855 1862 1972 Magnus
1894 1853 2067 1942 dominus
2127 1931 2129 1939 .

432 1888 724 2094 §igismundum
760 1971 848 2060 nulii
879 1971 992 2059 debet
1021 1971 1114 2059 dare
1144 1972 1194 2059 ad
1226 1972 1448 2077 tenendum,
1483 1973 1553 2058 nisi
1582 1973 1688 2088 prius
1719 1975 1755 2060 in
1787 1973 1958 2059 manibus
1989 1973 2067 2059 suis

433 2093 632 2208 corporate
662 2105 805 2208 prestet
828 2089 1091 2205 juramentum,
1122 2104 1161 2176 et
1186 2091 1264 2175 suis
1293 2091 1409 2178 literis
1435 2091 1649 2207 patentibus
1671 2122 1714 2178 se
1734 2090 1934 2193 inscribat,
1965 2087 2067 2207 quod
2096 2125 2101 2140 ⁴

431 2238 505 2329 pro
525 2212 610 2327 ipso
629 2211 743 2298 fratre
764 2222 905 2314 nostro,
931 2207 1019 2293 tttud
1040 2238 1108 2294 seu
1129 2207 1188 2296 iffa
1209 2206 1368 2296 fideliter
1382 2208 1538 2312 tenebit,
1559 2223 1596 2294 et
1616 2221 1704 2325 post
1724 2207 1927 2294 decessum
1949 2235 2066 2309 suum,

431 2325 521 2415 nuffi
541 2326 647 2413 alteri
668 2355 726 2434 ea,
747 2326 818 2413 nisi
838 2325 964 2429 nobis,
980 2323 1064 2441 fdijs
1088 2327 1238 2431 nostrie,
1260 2341 1326 2412 aut
1346 2325 1500 2414 Corone
1521 2325 1651 2442 Regni
1670 2324 1829 2412 Pofonie
1850 2324 2067 2444 resignabit

430 2443 523 2534 Item
544 2451 703 2545 Retico,
733 2449 866 2532 Wetfde
886 2456 925 2528 et
944 2441 1147 2556 Leporaria,
1168 2473 1251 2530 cum
1273 2445 1383 2530 bonis
1406 2444 1577 2531 omnibus
1598 2440 1648 2528 ad
1669 2441 1864 2560 predictos
1877 2441 2068 2529 districtus
2096 2519 2102 2528 .

431 2561 710 2678 spectantibus,
741 2591 813 2647 nos
841 2576 878 2647 et
903 2560 1057 2646 Corona
1077 2576 1261 2676 perpetuo
1281 2560 1619 2676 possidebimusot
1639 2561 1675 2646 in
1696 2589 1833 2648 ewum.
1885 2559 2069 2646 Preteraa
2147 2635 2149 2638 .

433 2678 505 2768 sub
525 2674 601 2762 frde
622 2677 835 2779 ethonore,
857 2679 1003 2792 absque
1024 2675 1114 2762 dolo
1135 2691 1173 2762 et
1192 2678 1335 2783 fraude,
1356 2694 1393 2765 et
1413 2708 1529 2764 onere
1550 2679 1692 2793 prestiti
1711 2677 1912 2778 iuramenti,
1934 2704 2068 2761 onrnes

433 2794 544 2912 ligas,
568 2793 837 2909 inscripoiones
859 2808 897 2878 et
916 2795 1093 2880 uniones:
1115 2795 1147 2880 si
1169 2823 1264 2911 quas
1285 2823 1450 2998 unguem
1470 2797 1506 2882 in
1527 2794 1740 2912 dampnum,
1761 2791 1980 2911 periculum,
2001 2801 2068 2876 aut

286 2927 291 2934 '
434 2921 688 3044 contemptum
710 2907 876 2995 eiusdem
904 2911 1027 2997 fratris
1055 2912 1184 3014 nostri,
1205 2910 1324 2999 Ducis
1347 3023 1348 3026 g
1370 2913 1478 3031 logni
1509 2909 1762 3029 sigismundi,
1791 2923 1829 2996 et
1849 2905 2068 3027 quorumvis

434 3027 682 3115 dominiorum
713 3055 889 3130 suorum,
926 3055 1009 3112 cum
1041 3028 1310 3139 cuiuscumque
1340 3045 1462 3117 status
1497 3045 1561 3114 aut
1596 3027 1828 3116 condicionis
1858 3024 2070 3114 bominibus

433 3144 675 3231 fecissemus:
707 3143 903 3230 abolentes
924 3160 961 3230 et
980 3144 1017 3230 in
1037 3143 1209 3229 nichifuin
1232 3145 1468 3264 redigentes,
1500 3145 1746 3261 promittimus
1768 3159 1805 3230 et
1826 3141 2068 3262 spondemus,

369 3297 374 3306 ·
433 3259 537 3374 quod
558 3260 694 3347 nullum
710 3260 910 3364 bominum,
927 3290 1011 3348 oum
1028 3260 1161 3370 quibus
1182 3261 1338 3348 federati
1354 3293 1483 3350 sumus
1500 3275 1538 3348 et
1552 3263 1650 3366 uniti,
1671 3261 1874 3365 favoribus,
1889 3257 2065 3374 subsidijs

436 3395 475 3464 et
495 3377 788 3489 quibuscumque
808 3377 1079 3497 prerogativis,
1096 3379 1243 3494 prefato
1264 3381 1367 3466 fratri
1388 3393 1518 3465 nostro
1537 3378 1636 3466 Duci
1655 3380 1804 3497 Magno
1825 3377 2069 3497 Sigismuudo

334 3549 338 3558 ·
435 3496 603 3612 preferre
634 3495 826 3599 volumus,
856 3519 1124 3606 necunquam
1146 3509 1279 3582 contra
1300 3499 1420 3613 ipsum
1442 3526 1542 3583 esse.
1600 3496 1790 3612 Quinijmo
1811 3498 1932 3613 ipsum
1951 3521 2071 3612 supra

436 3625 475 3700 et
503 3611 620 3709 ultra,
652 3641 700 3699 ao
731 3625 864 3698 eontra
895 3642 1046 3714 omnes,
1078 3626 1116 3699 et
1146 3614 1359 3728 specialiter
1389 3627 1523 3700 contra
1543 3616 1695 3705 fratrem
1725 3626 1894 3700 nostrum
1914 3613 2069 3700 -Duoom
2128 3697 2137 3706 .

340 3757 343 3764 “
437 3729 980 3846 Switrigaf,nostrisconsifijs,
995 3729 2069 3846 auxifijsetfavoribus,etquibusuissubsidijs,vita(sic)et
2120 3819 2122 3824 ,

437 3846 553 3932 rebus
580 3846 699 3955 eciam
724 3847 1086 3956 quocienscumque,
1118 3860 1155 3934 et
1175 3862 1308 3935 contra
1335 3873 1594 3960 quoscumque
1622 3848 1791 3946 inimicos
1819 3858 2068 3964 opportunum

437 3964 554 4067 fuerit,
577 3993 674 4068 curn·
699 3977 828 4048 nostra
864 3964 1039 4078 potencia
1074 3977 1112 4049 et
1139 3965 1302 4065 viribus,
1338 3983 1519 4083 perpetue
1540 3992 1711 4079 ,cumque
1743 3963 1898 4050 subditis
1928 3963 2068 4050 nostris

423 4079 639 4186 adiuvare3
675 4077 792 4167 etad
823 4078 895 4167 bec
924 4077 1078 4165 firmiter
1108 4079 1330 4200 obligamur.
1387 4083 1476 4170 Neo
1502 4109 1676 4194 umquam
1709 4085 1849 4200 ipsimi,
1883 4079 2071 4190 aliquibrm

439 4198 632 4306 exquisitis
652 4196 860 4300 coloribus,
889 4197 1062 4284 votumus
1082 4196 1263 4284 deserere
1284 4199 1424 4316 et-afijs
1445 4199 1646 4307 adherera;
1670 4200 1739 4287 sed
1760 4229 1890 4286 secum
1911 4197 2070 4292 staroiu
2201 4217 2205 4224 '

439 4313 635 4430 prosperis
656 4329 694 4400 et
713 4312 897 4419 adversis,
929 4330 965 4402 et
987 4344 1071 4400 eum
1101 4315 1152 4401 ab
1173 4317 1343 4403 omnibus
1374 4316 1664 4406 adversitatibus
1694 4331 1732 4405 et
1752 4316 1947 4433 periculiS,
1977 4339 2070 4430 pure

440 4444 480 4516 et
506 4443 724 4520 constanter
753 4461 801 4518 ao
830 4431 988 4519 fideliter
1018 4433 1241 4548 premunire.
1317 4433 1407 4521 ltem
1425 4433 1603 4549 ⁴prefatus
1636 4437 1751 4522 frater
1777 4449 1908 4521 noster
1947 4446 1984 4517 et
2012 4429 2071 4517 sui

439 4575 713 4652 successores,
743 4547 926 4663 prefatum
956 4548 1143 4636 Ducatunr
1174 4550 1358 4671 Magnum
1390 4553 1446 4638 sio
1477 4544 1619 4639 tenen's.
1638 4550 1686 4638 de
1713 4580 1824 4636 manu
1852 4562 2004 4652 nostra,
2033 4561 2073 4632 ut

439 4664 644 4780 prefertur,
684 4695 759 4752 nou
800 4662 914 4750 debet
949 4666 1138 4782 aspirare,
1160 4738 1162 4746 ,
1184 4668 1234 4755 ad
1270 4671 1539 4778 cuiuscumque
1585 4669 1872 4788 suggestionem
1913 4695 1982 4753 seu
2022 4664 2073 4749 in·

440 4779 685 4886 duocionern,
726 4781 777 4868 ad
807 4781 1063 4900 recipiendum
1090 4784 1224 4902 regale
1249 4786 1458 4905 fastigium,
1498 4784 1671 4875 videficet
1706 4807 1906 4886 coronam,
1942 4796 2074 4870 oouua
