4778 5952
1106 769 1379 846 ..ppp-

433 972 604 1076 soribuS,
635 973 671 1055 in
690 969 858 1085 predicta
880 971 965 1056 villa
987 978 1153 1056 Ptouczc
1175 985 1335 1088 quatuor
1355 999 1509 1057 mansos
1530 971 1686 1074 liberos,
1707 985 1744 1058 et
1765 973 1919 1062 tercium
1941 973 2058 1062 dena·

433 1090 526 1176 rium
548 1089 596 1173 de
617 1089 743 1173 causis
763 1084 1012 1193 iudicialibus,
1041 1104 1077 1174 et
1098 1087 1146 1172 de
1161 1087 1402 1204 juramentis,
1434 1089 1516 1175 siue
1537 1090 1571 1174 in
1594 1088 1777 1175 Polonico
1797 1091 1948 1198 luerint,
1978 1095 2059 1181 siue

433 1207 469 1294 in
490 1207 720 1293 Tbeutunico
743 1203 912 1291 iudicate.
959 1206 1135 1292 Similiter
1161 1205 1210 1292 de
1237 1205 1447 1310 thabernis,
1480 1219 1662 1322 quotquot
1680 1208 1813 1293 luerint
1834 1211 1870 1294 in
1891 1209 2058 1324 predicta

433 1325 517 1410 villa
537 1331 714 1424 Ptowcze,
738 1323 860 1410 dictus
882 1323 1070 1410 Scultetus
1089 1353 1164 1410 una
1179 1353 1263 1408 cum
1279 1325 1357 1410 suis
1374 1324 1675 1429 successoribus,
1697 1327 1850 1412 tercium
1867 1327 2059 1414 denarium

434 1442 660 1549 obtinebunt.
696 1443 882 1547 Ceterum,
905 1471 989 1527 curn
1011 1440 1059 1527 ad
1082 1439 1364 1557 expedicionem
1381 1472 1452 1528 nos
1469 1445 1629 1528 transire
1645 1443 1853 1561 contigerit,
1875 1445 2059 1552 volumus,

433 1573 473 1645 ut
502 1559 624 1647 dictus
655 1560 844 1647 Scultetus
865 1557 912 1644 sit
932 1557 1127 1646 absolutus
1158 1559 1207 1645 ab
1238 1557 1370 1644 eadem
1392 1557 1639 1675 expedicione
1660 1561 1721 1647 illo
1743 1589 1842 1648 anno
1863 1563 2060 1650 nobiscum

434 1677 656 1784 transiendi3
686 1677 754 1764 sed
776 1708 846 1794 pro
867 1707 926 1782 eo,
954 1677 1062 1763 nobis
1084 1691 1121 1762 et
1141 1677 1301 1791 posteris
1324 1678 1463 1763 nostris
1484 1676 1607 1763 soluet
1628 1709 1738 1764 unam
1760 1709 1923 1765 marcam
1945 1709 2059 1799 gros·

434 1827 573 1885 sorum.
614 1797 664 1884 Si·
678 1809 803 1881 autem
823 1793 958 1883 eodem
978 1824 1078 1881 anno
1099 1793 1198 1880 aliud
1219 1794 1432 1898 mandatum
1455 1785 1725 1912 proclamatum
1746 1797 1853 1883 luerit
1873 1797 1922 1884 ad
1944 1827 2059 1916 expe-

435 1913 639 2018 dicionem,
676 1928 712 2000 et
742 1915 773 1999 si
805 1942 875 1999 nos
915 1942 939 1997 a
969 1911 1228 2000 kmethonibus
1264 1912 1410 2030 aliquas
1442 1915 1621 2031 pecunias
1653 1915 1822 2030 recipere
1853 1915 2060 2032 contigerit,

434 2035 618 2135 volumus,
640 2045 680 2117 ut
700 2031 808 2117 nobis
828 2028 952 2118 soluat
971 2029 1070 2116 idem
1091 2031 1281 2117 Scultetus
1303 2029 1490 2117 dimidiam
1510 2061 1675 2116 maroam
1698 2043 1932 2150 grossorum.
1966 2035 2059 2120 Cum

435 2155 446 2238 i
477 2153 547 2236 itur
575 2148 659 2237 uille
690 2147 997 2252 Theutunicales,
1028 2147 1201 2234 videlicet
1241 2148 1461 2236 kmethones
1492 2179 1576 2234 cum
1604 2149 1770 2237 Sculteto
1803 2151 1873 2236 tria
1904 2149 2061 2268 prandia

436 2183 588 2358 (llrmino
630 2296 699 2356 suo
736 2283 872 2384 parare
906 2281 1119 2372 teneantur,
1162 2265 1354 2370 volumuS,
1390 2281 1430 2354 ut
1460 2265 1581 2353 dictus
1609 2261 1807 2353 'Scultetus
1843 2298 1913 2384 pro
1944 2269 2060 2354 tercio

462 2387 614 2493 randio,
647 2387 747 2504 quod
770 2387 889 2503 ipsum
912 2387 1049 2504 tangit,
1080 2386 1188 2472 nobis
1209 2386 1330 2472 soluat
1351 2387 1463 2472 annis
1481 2385 1639 2504 singulis
1669 2384 1867 2473 duodecim
1888 2416 2061 2505 grossos.

435 2421 477 2594 bi
498 2523 619 2593 autem
642 2503 691 2610 ad
713 2504 858 2622 aliquas
879 2504 1052 2589 inuitatas
1073 2503 1151 2590 siue
1173 2519 1323 2589 nostras
1351 2499 1524 2613 villasl²l
1546 2535 1636 2610 noe,
1669 2501 1856 2590 dominam
1884 2519 2061 2606 nostran,

391 2640 501 2740 siml
520 2623 630 2710 liliam
652 2623 811 2708 transire
833 2621 1051 2738 contigerit,
1085 2622 1165 2738 ipse
1194 2621 1383 2708 Scultetus
1411 2637 1474 2707 aut
1493 2619 1590 2708 filius
1611 2653 1723 2726 suus,
1755 2653 1825 2708 nos
1847 2621 2063 2708 conducere

312 2738 420 2824 st
435 2733 638 2844 tenebitur,
671 2753 735 2825 aut
766 2769 874 2856 quem
905 2737 991 2823 loco
1023 2739 1080 2823 sui
1112 2737 1258 2824 duxerit
1288 2738 1571 2854 expediendum.
1630 2737 1881 2826 Concedimus
1912 2740 2063 2855 insuper

439 2859 558 2947 eidem
581 2857 769 2960 Sculteto‚
800 2886 847 2940 ao
869 2885 936 2940 sue
957 2857 1186 2972 posteritati,
1218 2871 1257 2942 ut
1276 2855 1439 2943 habeant
1461 2886 1620 2976 gregem
1641 2858 1763 2944 ouium
1795 2869 1837 2944 et'
1852 2857 2062 2974 opilionem,

421 3008 423 3014 ’
433 2983 602 3096 jumenta
623 3005 784 3093 equerea
807 2972 907 3085 (sic),
939 2973 1107 3090 pecudes
1129 3005 1212 3060 cum
1234 2975 1315 3062 suis
1332 2975 1486 3093 pusillis,
1506 2976 1637 3080 vitulis,
1656 2975 1830 3095 agnellis,
1851 2989 1886 3062 et
1906 2988 2065 3092 pascant

439 3097 553 3184 libere
590 3124 673 3180 cum
710 3093 788 3179 suis
822 3093 986 3207 proprijs
1021 3092 1236 3207 pastoribus
1277 3093 1312 3178 in
1341 3091 1507 3210 predicta
1539 3092 1744 3181 hereditate
1785 3095 1865 3181 sine
1900 3093 2063 3210 dampno

440 3214 655 3302 vicinorum.
707 3210 763 3297 lta
784 3223 927 3312 tamen,
960 3208 1061 3327 quod
1082 3212 1118 3298 in
1139 3225 1307 3327 tempore
1328 3240 1537 3298 messorum
1560 3213 1659 3322 (sio),
1681 3241 1841 3330 gregem
1864 3211 1944 3323 (sic)
1967 3207 2063 3296 ouilc

441 3347 608 3440 nostrum
645 3327 745 3446 prius
784 3329 951 3414 transibit
985 3359 1053 3444 per
1088 3359 1280 3444 campum,
1322 3345 1410 3416 tunc
1446 3328 1601 3415 Sculteti
1637 3359 1733 3444 grex
1770 3329 1866 3416 ouile
1896 3341 2062 3413 nostrum

164 3441 227 3560 ὼ.
334 3453 601 3582 s''gregem
624 3449 730 3564 sequi
750 3445 918 3550 habebit,
950 3461 987 3530 et
1006 3448 1038 3532 si
1059 3476 1219 3568 gregem
1250 3463 1419 3534 nostrum
1452 3475 1526 3532 non
1558 3450 1781 3566 contingerit
1811 3476 1881 3532 nos
1912 3445 2063 3548 babere,

181 3553 209 3585 ‘⁸
441 3584 530 3654 tunc
562 3566 743 3655 scultetus
771 3565 937 3681 prelatus
969 3582 1102 3682 pascat
1122 3596 1216 3652 oues
1238 3595 1349 3670 suas,
1381 3580 1417 3651 et
1438 3565 1563 3653 omnia
1583 3565 1753 3652 animalia
1775 3563 1946 3682 superius
1966 3561 2074 3680 dicta¹

442 3716 511 3774 sua
543 3715 611 3800 per
643 3713 814 3798 campum
844 3682 1011 3798 predicte
1032 3683 1267 3788 hereditatiS,
1300 3683 1380 3770 sine
1402 3686 1501 3770 omni
1522 3682 1784 3799 impedimento
1816 3682 2064 3770 kmethonum.

397 3881 409 3910 ‚
442 3802 589 3888 Damus
611 3816 647 3885 et
669 3801 786 3886 eciam
809 3801 881 3886 iam
903 3799 1002 3886 dicto
1024 3799 1190 3887 Scultetc
1216 3814 1253 3885 et
1273 3803 1351 3888 suis
1372 3799 1614 3922 sequentibus
1631 3801 1800 3900 ualteres
1822 3800 1920 3911 (sio),
1950 3799 2065 3901 nisos,

240 3911 415 4014 miwx'i'·
442 3919 640 4038 accipitres
671 3947 741 4035 pro
773 3917 981 4034 leporibus,
1015 3919 1147 4005 auibus
1169 3919 1371 4024 uniuersis,
1404 3951 1500 4035 quos
1531 3921 1697 4005 inuenire
1725 3919 1858 4035 poterit
1884 3919 2000 4003 libere
2029 3916 2065 4000 in

444 4038 542 4124 dicta
579 4034 784 4122 hereditate
816 4033 1020 4151 capiendis.
1077 4034 1263 4122 Volumus
1292 4035 1429 4140 eciam,
1461 4053 1500 4123 ut
1526 4037 1648 4125 dictus
1678 4034 1888 4140 ScultetuS‚
1920 4048 1985 4121 aut
2010 4031 2065 4118 sui

356 4169 709 4261 ssuccessoreS,
732 4183 858 4240 coram
881 4153 981 4256 nullo
1003 4151 1124 4239 iudice
1145 4152 1378 4270 respondere
1400 4169 1603 4259 teneantur,
1624 4155 1693 4240 nisi
1714 4182 1842 4239 coram
1863 4152 1983 4240 nobis.
2025 4147 2067 4236 Si

445 4286 567 4359 autem
588 4273 659 4389 ipsi
679 4271 845 4359 Sculteto
867 4287 930 4358 aut
950 4273 1028 4359 suis
1050 4273 1354 4378 successoribus,
1385 4273 1421 4359 in
1441 4273 1609 4388 predicta
1630 4272 1715 4359 uilla
1734 4277 1903 4358 Ptoweze
1922 4269 2066 4355 mansio
2096 4282 2098 4286 ’

444 4389 674 4508 displicuerit
693 4391 771 4476 siue
793 4405 922 4494 status,
944 4388 1178 4498 admittimus,
1206 4389 1306 4509 quod
1328 4389 1485 4478 eandem
1508 4391 1723 4480 scolteoiam
1743 4389 1892 4494 vendat,
1915 4385 2067 4504 obliget,

445 4526 482 4597 et
502 4521 712 4613 commutet,
734 4506 983 4625 disponatque
1003 4507 1051 4596 de
1073 4541 1129 4616 ea,
1150 4525 1262 4628 prout
1280 4511 1364 4617 wlt,
1387 4508 1446 4597 uel
1466 4511 1650 4627 placuerit
1670 4541 1739 4598 sue
1759 4504 1965 4626 posteritati
1984 4503 2067 4616 (sic)

446 4891 476 4953 D
515 4808 588 4954 ΟΡ)
617 4808 766 4956 inoptata,
788 4807 979 4885 convocatio,
999 4816 1179 4884 conventum
1201 4811 1336 4878 inritatio
1352 4810 1390 4876 od
1404 4810 1633 4892 solennitatem,
1656 4811 1701 4878 rel
1717 4830 1843 4878 coenam
1859 4810 2067 4878 solenniorem.

477 4913 500 4956 u
538 4912 614 4976 anpa
628 4913 651 4956 s.
687 4913 736 4956 .r.
