4870 5948
1096 708 1344 782 437-

282 987 285 994 Δ
408 909 552 996 tualiter
581 906 872 1028 possidendam,
903 907 1026 994 villam
1048 907 1208 1011 scilicet,
1240 933 1313 1025 que
1344 908 1502 1025 pertinet
1532 904 1581 993 ad
1613 915 1791 997 Nooroet
1823 911 1872 998 de
1911 917 2034 1000 Wtem'

407 1058 491 1114 oum
513 1029 685 1114 omnibus
706 1026 962 1144 pertinenciis,
995 1055 1067 1143 que
1088 1025 1138 1110 ad
1160 1027 1503 1140 supranominatum
1524 1041 1688 1113 castrum
1709 1029 1942 1143 spectabant.
1981 1029 2034 1118 Ut

405 1149 518 1265 igitur
538 1144 676 1242 donum
698 1157 867 1231 nostrum
896 1157 1015 1230 ratum
1038 1156 1076 1226 et
1094 1143 1237 1228 tirmum
1259 1142 1457 1247 habeatur,
1488 1158 1701 1258 presentem
1720 1147 1898 1263 paginam
1921 1149 1953 1234 si
1985 1147 2032 1234 itti

405 1266 525 1352 nostri
564 1263 761 1348 munimine
801 1261 955 1380 dignum
996 1259 1167 1346 duximus
1206 1261 1472 1347 roborandam.
1529 1260 1581 1347 Et
1620 1264 1652 1348 si
1689 1264 1772 1380 quis
1812 1269 1929 1382 super
1954 1178 2038 1353 boc·

406 1382 656 1468 donacionem
691 1396 859 1467 nostram
894 1380 1066 1466 instinctu
1104 1379 1237 1464 inimici
1264 1393 1554 1496 presumptuose
1584 1381 1621 1464 in
1650 1381 1776 1497 atiquo
1833 1411 2034 1499 uocunque
2146 1471 2150 1481 ,

406 1516 574 1615 tempore
593 1499 736 1584 violare
756 1498 1008 1613 temptaverit,
1040 1510 1228 1614 tamquam
1249 1511 1379 1584 nostre
1399 1496 1590 1612 dignitatis
1610 1526 1720 1603 reus,
1751 1413 1914 1612 vindicta
1935 1500 1970 1585 le
2002 1501 2034 1586 is

404 1616 566 1703 humane
576 1617 759 1702 muitetur.
782 1615 880 1701 Acta
891 1613 1056 1701 sunthec
1066 1643 1166 1699 anno
1183 1614 1231 1700 ab
1247 1615 1284 1699 in
1300 1612 1673 1701 carnacionedomini
1683 1613 1741 1738 ΜΓ
1753 1614 1835 1700 CC⁰
1845 1529 2033 1703 ΧΧΧθῗΙο

406 1736 587 1822 existente
605 1731 717 1820 Duce
732 1735 768 1819 in
784 1739 975 1832 Pornopia
997 1761 1082 1818 oum
1097 1731 1293 1849 Episcopo
1310 1733 1468 1822 civitatis
1484 1730 1652 1846 ejusdem
1668 1746 1705 1817 et
1720 1733 1799 1818 suis
1815 1732 2033 1842 baronibus,

407 1853 533 1970 quinto
550 1849 611 1936 die
626 1865 715 1966 post
729 1852 861 1937 festum
879 1849 978 1936 beati
994 1849 1109 1956 Petri,
1127 1851 1254 1960 quinto
1271 1879 1392 1935 nonas
1408 1849 1505 1934 tutti.
1533 1850 1668 1937 Testes
1685 1849 1795 1966 hujus
1811 1850 2034 1939 donacionis

406 1981 502 2054 sunt:
522 1965 739 2084 Episcopus
755 1963 801 2053 P.
814 1968 945 2071 (aulus)
960 1967 1260 2055 Posananiensis
1275 1967 1368 2078 (sic),
1384 1966 1608 2083 Propositus
1624 1966 1672 2052 de
1688 1973 1848 2054 Sontlrec
1865 1969 1948 2080 (sic)
1961 1966 2034 2082 (³),

404 2083 566 2204 Egidius
589 2084 819 2204 Capelianus
840 2084 889 2169 de
909 2089 1067 2195 Lr'plrem'
1084 2082 1160 2191 (⁴),
1192 2085 1239 2170 G.
1262 2084 1423 2170 clericus
1446 2085 1560 2170 curie.

405 2349 479 2416 oiim
495 2357 628 2414 castrum
643 2350 733 2414 situm
749 2355 821 2413 erat.
857 2347 997 2415 Castrum
1013 2367 1046 2411 er
1067 2368 1100 2424 o,
1122 2348 1263 2434 quodibi
1279 2347 1446 2435 antiquitus
1469 2349 1639 2429 exstiterat,
1663 2369 1724 2414 non
1740 2350 1820 2414 aliud
1836 2371 1920 2429 csse,
1942 2371 2034 2437 quam
2150 2425 2154 2439 Ι

404 2435 480 2532 boc,
503 2433 542 2499 da
557 2453 619 2580 (pro
633 2432 812 2530 .¹¹5⁰.⁸8⁵‘¹¹s.2
833 2453 871 2497 eo
886 2432 1003 2498 facilius
1015 2370 1096 2530 ribei
1111 2440 1230 2529 potest,
1253 2432 1337 2518 quod
1352 2433 1438 2498 villae
1454 2433 1624 2516 praedictae
1648 2431 1816 2498 Grodzr'alro
1837 2435 1976 2518 proxima
1995 2436 2035 2500 sit

405 2520 463 2584 aba
475 2537 568 2603 paroc
592 2516 655 2590 rabs
671 2518 747 2594 rdla,
762 2526 854 2581 atram
870 2537 951 2582 nunc
976 2514 1112 2580 Wralearn
1130 2517 1221 2580 drcta.

506 2601 531 2684 (³
575 2599 646 2666 Sine
669 2600 761 2665 dubio
787 2600 917 2678 Soatolr,
944 2599 1015 2664 olim
1039 2605 1189 2676 castrum,
1217 2598 1308 2664 bodie
1331 2597 1507 2683 oppidulum
1532 2599 1655 2664 ditionis
1677 2601 1873 2677 Bonussicae,
1904 2599 2035 2666 Zontocir

404 2685 577 2772 germanice
591 2685 704 2750 dictum
717 2685 895 2751 indistricta
909 2682 1176 2763 Francoiurtiensi,
1190 2683 1244 2749 ubi
1260 2684 1385 2752 thooia
1399 2703 1468 2748 cum
1484 2683 1595 2749 Warta
1605 2683 1738 2764 confluit,
1753 2704 1849 2769 propo
1859 2683 2036 2770 Landsberg
2105 2687 2112 2696 '

294 2812 299 2829 .
386 2771 551 2858 'oppidum
567 2769 667 2834 situm.

507 2853 547 2938 (⁴)
576 2854 694 2918 Forsan
719 2853 827 2938 Lp'ewo
842 2853 872 2918 in
888 2851 1031 2936 Gujaria,
1051 2852 1185 2937 regionis
1200 2853 1387 2934 Brestcnsis,
1410 2849 1572 2937 parochiae
1589 2851 1829 2936 Kruszynensis,
1851 2850 1897 2918 vel
1913 2851 2035 2918 Lertlrir

445 2957 502 3022 gas
528 2937 712 3040 parochialis
735 2938 866 3024 regionis
895 2935 1156 3022 Wagroricemis,
1185 2938 1329 3004 territorii
1354 2957 1425 3003 vero
1454 2935 1681 3022 Bydgostiensis
1705 2937 1741 3000 ⁴in
1770 2937 1884 3021 Magno
1913 2936 2035 3004 Ducatu

431 3042 611 3088 osnanrensr.
708 3041 716 3055 ·
1782 3041 1797 3075 ·,

1138 3377 1300 3494 ΧΧΙΙΙ.

850 3640 1216 3728 Pctru'cove'uc
1242 3659 1396 3724 antro
1421 3636 1592 3726 1233,

403 3809 1015 3935 normam-(uncaniuruu
1031 3815 2033 3932 martanorumcontemporaneumcoronano,

443 3948 600 4023 ttcanttam
614 3945 756 4040 captanti
770 3948 914 4020 emuna
928 3946 960 4019 in
973 3949 1104 4038 auoque
1117 3943 1186 4037 ripa
1199 3944 1333 4016 taminia
1346 3944 1412 4030 tter,
1427 3942 1644 4034 annuam
1658 3941 1752 4015 ritlm
1766 3942 1999 4008 barcenonae

1119 4045 1315 4136 tergium).

507 4271 551 4358 ln
582 4272 730 4358 nomine
751 4281 883 4372 sancte
915 4285 951 4358 et
977 4267 1164 4356 individue
1185 4267 1364 4355 trinitatis.
1394 4257 1484 4381 Ego
1506 4261 1709 4350 Boiezlaus
1741 4254 1828 4350 Dux
1855 4262 2033 4379 Zyrrazie
2162 4313 2168 4324 ·

406 4392 487 4503 (sic)
519 4388 751 4477 contulideo
773 4404 808 4476 ct
828 4389 940 4474 beate
966 4385 1089 4473 Marie
1110 4402 1146 4473 et
1167 4386 1327 4475 ecclesie
1348 4382 1396 4469 de
1415 4388 1580 4495 Sotoyoo
1611 4394 1648 4468 et
1671 4382 1863 4487 iratribus,
1893 4407 2033 4497 aquarn

406 4509 455 4596 de
475 4513 679 4594 Baldrr'roo
702 4537 776 4626 qne
799 4513 884 4622 Nyr
901 4506 1045 4594 vocitur
1061 4503 1161 4617 (sic),
1182 4533 1266 4588 curn
1284 4500 1495 4588 castoribus
1516 4501 1552 4586 in
1573 4514 1731 4618 utraque
1753 4500 1840 4616 ripa
1855 4497 2057 4634 manenti-³

506 4755 545 4840 (¹)
575 4756 622 4820 Ex
643 4755 744 4821 tabula
772 4741 946 4824 authentica
973 4753 1001 4820 d.
1023 4751 1249 4838 Stronczyrtscii.
1263 4751 1401 4838 propria,
1433 4751 1519 4838 cuius
1541 4747 1670 4835 sigillum
1694 4745 1859 4831 abruptum
1882 4744 1940 4811 ntis
1962 4744 2030 4810 ssavi

406 4837 517 4905 coloris
533 4859 699 4926 appensum
715 4848 790 4928 erat.
