4780 5922
993 769 1266 842 *133*-

1062 1045 1195 1164 oxu.

351 1255 353 1260 ’
490 1241 493 1246 ’
533 1279 859 1377 Vaseoniae,
885 1300 1041 1367 anno
1066 1277 1217 1408 1³4³
1242 1281 1295 1372 a.
1320 1281 1452 1370 311⁸.
1482 1287 1723 1394 dumata.

361 1449 632 1539 sensnm
645 1466 681 1537 a
696 1463 966 1538 cosmarus
979 1467 1082 1540 neor
1094 1468 1265 1555 monae,
1278 1467 1371 1540 mnu
1384 1467 1524 1561 unaue
1537 1471 1712 1545 wanno
1727 1472 1892 1560 omna

408 1565 537 1640 heruli
550 1566 591 1639 lo
604 1564 791 1656 busslwlbo.
804 1565 898 1642 vllltt
911 1567 1393 1759 &Zfflxpzofcp'wlbpippmelffl
1405 1567 1506 1662 lpum
1519 1571 1694 1659 Buplaoica,
1715 1575 1799 1644 Wolu
1813 1581 1849 1652 ab
1927 1565 1931 1574 ’

413 1897 524 1980 1538.
576 1888 844 2009 Sigismundm
874 1905 945 1978 eto.
977 1889 1244 2010 Signilioamus
1265 1907 1335 1980 ete.
1356 1892 1471 2006 -Quia
1499 1891 1687 2002 constituti
1717 1895 1776 1984 bio
1791 1927 1936 2002 ,coram

310 2010 421 2100 nobis
441 2008 688 2126 personaliter
708 2005 864 2096 Nobiles
885 2007 1013 2114 Ottba,
1033 2009 1202 2098 loannes
1217 2025 1255 2098 et
1268 2009 1439 2098 Jaoobus
1462 2009 1781 2131 Bubrlrowssozij,
1802 2016 1936 2105 iratres

223 2169 227 2178 ·
310 2128 500 2249 germani,
529 2124 692 2214 heredes
713 2128 750 2214 in
770 2123 856 2212 villa
876 2125 1054 2235 Bobrelr‚
1075 2143 1273 2216 narrantes
1294 2130 1390 2215 inter
1410 2159 1454 2214 se
1473 2128 1614 2216 babere
1634 2131 1822 2247 quandam
1843 2164 1936 2222 oon·
2030 2181 2033 2198 r

309 2245 553 2350 troversianr,
586 2247 790 2332 occasione
820 2244 1004 2363 priuilegij
1037 2272 1152 2362 super
1182 2274 1313 2335 eorum
1342 2244 1445 2335 bona
1474 2246 1697 2336 hereditaria
1728 2253 1936 2358 servientis,

309 2361 648 2482 predecessoribus
669 2391 818 2468 eorum,
839 2392 908 2479 per
929 2361 1047 2448 dunos
1068 2362 1155 2449 olim
1175 2361 1375 2450 Mazouiae
1395 2364 1588 2468 concessi,
1608 2394 1761 2483 unoquo
1790 2398 1839 2454 ue
1858 2369 1936 2455 illo·

309 2509 392 2567 rum
422 2480 498 2568 hoo
527 2477 625 2566 idem
655 2479 900 2599 priuilegium¹
919 2479 1020 2595 apud
1046 2509 1089 2566 se
1110 2481 1271 2570 retinere
1293 2481 1474 2596 cupiente.
1527 2480 1661 2594 Quare
1681 2399 1936 2600 suppilioarunt

246 2675 249 2680 Α
308 2597 419 2688 nobis
449 2593 651 2700 humiliter,
682 2612 722 2684 ut
752 2596 922 2713 ejusdem
946 2596 1129 2714 priuilegij
1142 2665 1152 2701 ,
1183 2597 1286 2714 quod
1317 2625 1445 2685 ooram
1477 2599 1587 2686 nobis
1613 2598 1674 2685 bio
1705 2603 1936 2719 originaliter

309 2713 573 2818 exbibuerunt,
604 2713 686 2829 ejus
706 2725 836 2801 verum
858 2726 1150 2832 transsumptum
1171 2717 1207 2800 in
1227 2716 1348 2804 lorma
1367 2714 1544 2820 vidimus,
1565 2715 1636 2804 sub
1657 2717 1782 2835 sigillo
1803 2732 1935 2806 nostro

307 2835 434 2953 regio,
462 2832 718 3036 transcribpapt
738 2831 882 2947 extradj
904 2831 1182 2920 mandaremus.
1224 2833 1343 2949 Cujus
1363 2832 1545 2952 priuilegij
1568 2848 1677 2920 tenor
1695 2833 1747 2922 ad
1766 2835 1933 2940 verbum,

307 2963 348 3036 ut
367 2981 410 3036 se
465 2951 546 3053 itur,
570 2964 628 3038 ost
699 2951 750 3036 is:
1874 3037 1882 3051 ,
2054 2956 2059 2966 “

170 3079 174 3088 ’
410 2981 508 3157 313143
525 3063 580 3178 (¹).
611 3065 653 3153 ln
669 3069 817 3154 nomine
833 3064 982 3172 domini,
1002 3095 1124 3156 amen.
1157 3067 1349 3181 Quoniam
1360 3067 1653 3185 aorropubilium
1669 3068 1768 3186 iugis
1783 3100 1859 3156 non
1874 3084 1933 3156 ost

306 3186 508 3292 memoria,
539 3186 796 3272 neoessarium
814 3193 891 3290 ost,
922 3197 962 3270 ut
982 3183 1163 3304 quidquid
1193 3187 1230 3272 in
1251 3187 1306 3274 eis
1327 3187 1556 3301 temporibus
1576 3187 1701 3302 agitur
1725 3201 1762 3272 et
1781 3175 1933 3304 geritur,

307 3303 511 3420 proborum
532 3301 696 3416 uirorum
718 3316 792 3390 tam
812 3300 1005 3406 nobilium,
1037 3331 1149 3420 quarn
1170 3302 1380 3420 simplitium
1396 3300 1439 3414 (³)
1470 3301 1680 3390 testimonio
1711 3315 1826 3419 atque
1857 3303 1933 3392 lite-

306 3449 434 3507 rarum
451 3422 559 3524 serie,
580 3418 822 3538 approbetur.
852 3420 990 3506 Pateat
1008 3421 1120 3538 igitur
1140 3420 1336 3524 universis,
1359 3433 1432 3504 tam
1448 3418 1686 3534 presentibus
1707 3448 1819 3534 qoam
1839 3421 1933 3506 lotu-

307 3539 370 3644 ris‚
391 3539 618 3653 presentium
640 3537 805 3624 notitiam
826 3535 1023 3640 habituris,
1049 3547 1087 3619 et
1105 3536 1349 3652 peroepturis.
1392 3532 1508 3648 Quod
1529 3562 1602 3620 nos
1623 3535 1836 3640 Semouitus
1857 3564 1932 3622 una

306 3685 391 3742 oum
406 3656 521 3743 lratra
536 3667 667 3744 nostro
681 3654 878 3758 Cazimiro,
899 3650 962 3738 dei
975 3652 1108 3787 grauia
1123 3649 1243 3738 duces
1262 3649 1461 3740 Mazoviae
1482 3647 1570 3762 ull)
1592 3649 1729 3738 domini
1750 3650 1932 3740 Czirnen-

306 3801 383 3877 ses,
404 3801 499 3860 sana
518 3783 643 3858 mente
664 3786 700 3859 et
719 3770 821 3858 bona
842 3792 1014 3884 oorpons
1034 3770 1229 3888 sospitate,
1248 3768 1376 3856 habita
1396 3769 1504 3858 etiarn
1516 3765 1558 3882 (5)
1580 3767 1699 3888 digna
1719 3799 1767 3857 ao
1785 3785 1931 3858 matura
1996 3857 1999 3866 ,

306 3884 1094 4002 deliberationem),attendentesseruitiaG)
1108 3888 1164 3974 ire

304 4007 453 4096 militam
473 4005 611 4094 dietum
632 4003 863 4119 Panatltaff)
896 4006 1148 4096 Castallanum
1166 3917 1435 4110 biterrensem,
1456 4003 1642 4092 berellam
1664 4003 1713 4092 da
1731 4001 1794 4092 Bo
1825 4003 1930 4092 lewi·
2019 4009 2045 4061 i*

299 4121 443 4243 jozl¹⁰l,
457 4124 579 4211 multis
596 4125 825 4240 tenporibus
840 4123 999 4213 lideliter
1015 4123 1251 4227 exhibita,ao
1265 4125 1506 4239 inposterum
1523 4119 1743 4210 exbibenda:
1758 4033 1930 4212 volemus

304 4243 421 4361 ipsius
441 4239 618 4330 voluntati
638 4243 859 4356 aquiasoero
871 4238 930 4352 (¹¹)
953 4242 1046 4352 (sio),
1067 4269 1138 4357 pro
1154 4242 1441 4328 commutatione
1451 4234 1510 4349 (¹³)
1531 4237 1699 4325 villorum
1716 4254 1928 4332 nostrarum

406 4455 441 4540 (¹)
469 4455 517 4522 Ex
531 4453 615 4519 libris
630 4473 721 4519 manu
737 4454 853 4538 seriptis
877 4455 1080 4520 Vorsaviensis
1102 4454 1240 4520 tabularii
1262 4454 1373 4541 publici
1399 4453 1496 4538 Regni
1522 4452 1665 4520 Poloniao
1686 4454 1775 4540 vulgo
1796 4453 1928 4538 Melryli

244 4613 246 4618 ,
305 4542 451 4606 Koronne
466 4539 562 4613 dietis,
576 4537 744 4624 etquidem
758 4539 811 4606 Νω
824 4540 902 4605 LIV.
918 4559 946 4622 p.
961 4538 1023 4602 313
1039 4538 1232 4620 descriptum.

407 4624 442 4707 (²)
470 4623 561 4690 Aliud
576 4623 730 4709 exemplar
743 4623 880 4709 pruilegii
894 4623 985 4708 hujus
998 4623 1168 4687 continetur
1182 4621 1259 4688 libro
1273 4637 1366 4686 manu
1378 4622 1491 4705 scripto
1510 4622 1598 4706 vulgo
1620 4622 1703 4686 Matr
1722 4622 1761 4686 lra
1782 4621 1927 4685 Koronnu

304 4706 385 4774 (liuto
399 4709 431 4772 in
444 4707 636 4774 Varsariansi
651 4706 798 4775 tabulario
813 4707 934 4794 publico
954 4707 1052 4792 Regni
1073 4705 1215 4803 Polonioa
1236 4715 1388 4772 onomata
1401 4713 1433 4772 et
1447 4706 1569 4792 quidam
1585 4706 1640 4802 N'?
1654 4643 1720 4770 :tal
1751 4751 1760 4769 .
1779 4700 1846 4770 ua.
1873 4702 1927 4766 ui-

303 4811 421 4858 rorsnm
435 4791 594 4889 loationom
610 4793 745 4876 eiusdem
761 4795 791 4858 in
807 4793 886 4858 notis
900 4792 1064 4884 attulimus.
1107 4789 1141 4938 ς)
1156 4790 1346 4876 simplicium.
1389 4791 1424 4875 (⁴)
1438 4799 1496 4856 eta.
1552 4789 1574 4873 ³)
1589 4809 1695 4886 aeram.
1731 4725 1766 4871 ll)
1780 4784 1925 4850 tloliboro-

301 4877 397 4943 oiona.
440 4875 476 4961 (¹)
491 4877 626 4942 seruicia.
669 4875 703 4959 (θ)
717 4875 901 4964 irequenoia.
944 4877 979 4961 (⁹)
995 4878 1112 4942 Ponant
1134 4894 1161 4940 a.
1194 4875 1456 4961 .l¹⁰]-Boglauioza.
1499 4873 1540 4956 (¹¹
1564 4889 1763 4957 acquiescere.
1804 4867 1856 4953 (¹²)
1872 4887 1925 4952 per

1218 3889 1316 3976 entia
1325 3881 1379 3999 (Β),
1393 3886 1503 3974 nobis
1519 3887 1750 4005 perlidelem
1762 3901 1931 3975 nostrum
1999 3869 2008 3925 ²
2049 3920 2062 3943 ·
2198 3877 2202 3890 '
