4800 5942
1077 777 1123 792 -
1176 735 1254 814 oct
1307 771 1358 818 -.

395 950 435 1038 in
456 945 551 1035 orbo
571 958 753 1034 marum
774 939 979 1044 nobibbus,
1009 951 1130 1027 status
1150 938 1364 1056 utriusque,
1390 951 1465 1024 tam
1485 936 1755 1056 spiritualibus,
1785 971 1897 1058 quam
1916 971 2031 1032 secu-

396 1058 558 1176 laribus,
588 1060 637 1151 da
656 1057 771 1150 nobili
791 1061 908 1178 stirpe
928 1058 978 1148 ab
998 1055 1114 1163 awis,
1145 1057 1315 1164 attawis,
1345 1084 1414 1173 per
1433 1054 1568 1144 lineam
1590 1054 1770 1146 directam
1801 1090 1849 1148 ex
1870 1073 2028 1182 unoque

397 1175 515 1272 lutera
543 1196 656 1293 atque
685 1192 842 1296 parente
873 1173 1191 1278 descendentibus
1221 1188 1260 1264 et
1286 1175 1517 1293 procreatis,
1554 1177 1791 1294 presentibus
1822 1193 1860 1265 et
1890 1178 2030 1286 futuris,

396 1293 665 1404 assimilantes,
685 1296 926 1415 parificantes
947 1310 983 1384 et
1003 1293 1255 1408 adetprantes:
1276 1291 1448 1383 volentes
1469 1289 1803 1407 decernentesqua,
1823 1295 1928 1408 quod
1949 1298 2031 1415 ejus

396 1431 538 1522 statas,
574 1414 752 1534 condicio
785 1429 823 1503 et
855 1442 1040 1532 persona,
1075 1439 1147 1530 par
1181 1407 1385 1526 similisque
1418 1412 1469 1500 sit
1502 1411 1597 1500 inter
1631 1441 1785 1518 omnes,
1821 1413 2033 1528 eademque

395 1543 643 1651 computatur.
676 1529 832 1620 Verum
864 1533 950 1644 quia
981 1559 1131 1618 ornnem
1161 1529 1388 1619 nobilitatem
1416 1529 1614 1618 virtutibus
1645 1543 1684 1616 et
1703 1531 1816 1620 armis
1843 1533 2033 1650 exornarj,

395 1649 646 1761 illustrarique
676 1650 869 1740 convenit:
899 1651 1023 1758 itaque
1055 1648 1146 1754 sibi,
1176 1650 1463 1764 posteritatique
1482 1673 1552 1737 sue
1573 1646 1805 1756 clenodinm,
1836 1647 1940 1762 quod
1959 1681 2031 1768 pm

395 1770 528 1870 armis,
556 1793 626 1886 per
644 1763 999 1854 reuerendissimum
1020 1766 1057 1852 in
1080 1763 1231 1854 Christo
1252 1779 1398 1882 patrem
1418 1763 1607 1850 dominum
1627 1764 1848 1870 Martinam,
1868 1765 2030 1882 Episco-

395 1909 484 2005 pum
503 1890 807 1991 Medoiczmoem,
828 1879 878 1970 ab
894 1882 992 1968 awis
1012 1893 1049 1966 et
1064 1881 1213 1967 attawis
1224 1880 1374 2084 plestarj
1391 1881 1599 1987 consuevit,
1619 1880 1755 2000 wlgari
1771 1883 2032 2000 appellacione
2181 1885 2185 1892 ’

160 2001 165 2008 ’
317 1999 566 2214 flaaoy
593 2001 823 2090 nominatum
853 1999 919 2124 (eo.
936 2001 1021 2117 ipso
1042 1997 1193 2086 domino
1267 1998 1387 2085 artino
1412 1995 1629 2203 Episcopo,
1660 2001 1781 2116 ipsum
1803 2001 2032 2091 Stanislaum

396 2137 435 2210 et
454 2119 709 2240 posteritatem
730 2117 832 2236 ejus,
862 2117 899 2204 in
929 2117 1211 2236 presenciarum
1241 2143 1371 2204 coram
1401 2146 1452 2204 nc
1480 2117 1532 2219 is,
1563 2118 1728 2205 insuam
1749 2133 1787 2206 ct
1805 2119 1941 2208 familie
1960 2151 2029 2210 sue

396 2239 605 2327 lirinitatcm
636 2233 881 2326 domesticam
911 2234 1117 2354 adoptante
1143 2248 1438 2356 arrogentequc.
1484 2233 1607 2348 ,Quod
1628 2233 2032 2353 clenodimndlcrmop'

396 2374 471 2446 tam
503 2356 663 2461 coloris,
694 2383 806 2473 quarn
827 2355 1019 2473 sculpture
1037 2354 1212 2461 racione,
1243 2353 1447 2558 pecuinam
1475 2351 1615 2452 babere
1642 2351 1849 2444 dinoscitur
1875 2373 2027 2476 specta·

397 2477 532 2564 cutum.
583 2473 751 2607 Campus
786 2474 884 2561 enim
915 2474 997 2589 ojus
1027 2470 1166 2590 duplici
1195 2501 1244 2561 co
1259 2499 1327 2559 ore
1357 2472 1466 2575 nitet,
1501 2499 1549 2559 ex
1580 2472 1763 2590 superiori
1793 2474 1919 2565 llaueo
1950 2476 2033 2564 siue

395 2593 589 2696 celestino,
610 2619 659 2678 ex
679 2591 841 2678 inferiori
861 2618 955 2678 vero
976 2606 1084 2706 parte
1104 2588 1212 2678 virid'
1235 2588 1434 2693 coloribus,
1455 2587 1505 2676 ad
1526 2585 1752 2680 latitudinem
1767 2606 1891 2680 autem
1908 2594 2043 2710 campi

294 2711 351 2784 π’
397 2712 480 2799 siue
510 2709 637 2825 clipei,
668 2708 790 2794 tenuis
809 2705 945 2795 lineola
964 2708 1161 2826 posicionc
1180 2619 1413 2795 discernitur.
1462 2705 1506 2794 ln
1527 2735 1602 2827 quo
1623 2706 1770 2824 quidem
1791 2737 1928 2827 campo
1947 2711 2030 2798 siue

397 2823 520 2945 clipeo
553 2827 589 2914 in
610 2825 790 2913 celestino
812 2824 963 2933 colore,
994 2823 1120 2944 capud
1141 2825 1224 2940 (sic)
1255 2853 1340 2911 curn
1370 2825 1456 2914 colli
1486 2824 1712 2944 aliquantula
1742 2826 2027 2944 significacione

255 3016 259 3022 .
397 2945 570 3033 caninum
602 2972 626 3030 a
655 2958 794 3049 ertum,
830 2943 974 3063 lingwa
1009 2942 1249 3049 cloaribus,
1288 2972 1360 3032 suo
1394 2942 1553 3030 naturali
1588 2941 1702 3033 modo
1738 2961 1864 3050 certo,
1899 2943 1949 3032 ab
1981 2973 2029 3034 co

397 2971 720 3264 dependentibus,
760 3060 874 3152 velud
910 3060 1035 3180 capud
1071 3062 1177 3150 canis
1200 3061 1344 3148 marini
1380 3076 1482 3150 esset
1517 3090 1693 3150 aureum:
1733 3063 1770 3149 in
1799 3061 1906 3150 viridi
1938 3091 2031 3152 raro

397 3178 540 3268 colore
561 3177 644 3292 (sic)
668 3175 777 3267 stella
796 3179 960 3266 similiter
979 3207 1117 3286 aurea,
1148 3209 1217 3268 sex
1243 3180 1398 3267 aciebus
1425 3177 1623 3288 irradiata,
1654 3179 1775 3298 sculpi
1801 3211 1849 3268 ac
1876 3179 1987 3300 depin

397 3296 515 3401 solet,
550 3313 660 3413 prout
690 3295 764 3383 boc
794 3296 1000 3386 artificioso
1030 3325 1150 3416 opere
1178 3297 1434 3500 infrascripto,
1468 3295 1606 3386 clarius
1636 3296 1847 3388 ostenditur
1876 3299 1932 3386 sic
1952 3209 2029 3410 (²ll

397 3411 571 3502 dedimus
602 3430 639 3500 ct
657 3413 888 3501 attribuimus
917 3416 954 3503 in
975 3414 1115 3503 titulum
1141 3441 1233 3508 vcra
1262 3415 1349 3502 nobi
1365 3415 1462 3502 itatis
1493 3445 1572 3502 sue
1625 3413 1776 3529 Quibus
1809 3417 1929 3537 signis
1958 3445 2027 3504 seu

397 3531 522 3629 armis,
544 3545 718 3649 tanquam
738 3531 902 3649 propriis
922 3531 1164 3637 naturalibus,
1188 3559 1319 3644 coram
1341 3533 1440 3621 omni
1460 3535 1629 3652 principe
1649 3561 1696 3620 ac
1716 3562 1884 3651 persona
1905 3535 2030 3652 cujus·

288 3763 292 3768 Ι
312 3684 317 3694 ·
397 3678 546 3766 cunque
567 3665 704 3754 status,
725 3649 917 3770 dignitatis
937 3664 975 3738 et
991 3649 1267 3768 preeminencie
1287 3651 1463 3754 extiterit,
1483 3652 1593 3739 etiam
1615 3652 1651 3739 in
1671 3651 1818 3769 preli's,
1837 3650 2029 3772 preludijs,

397 3763 626 3884 hastiludijs,
659 3769 943 3872 torneamentis,
973 3768 1126 3902 sigillis,
1156 3767 1299 3876 anulis,
1329 3769 1504 3874 cortinis,
1532 3769 1646 3874 uelis,
1665 3795 1714 3857 ve
1741 3769 1750 3786 '
1779 3771 1830 3876 is,
1851 3771 2027 3871 tentaris,

399 3885 536 3992 scutis,
568 3881 886 4002 papilionibus(³)
906 3883 1062 3990 tabulis,
1092 3887 1268 4004 picturis,
1297 3887 1449 4007 reliquis
1478 3918 1525 3974 uc
1545 3887 1717 3976 omnibus
1736 3885 1787 3975 ad
1808 3915 1915 3974 usum
1934 3799 2026 3972 mli·

398 4015 516 4090 tarem
536 4001 815 4121 spectantibus,
846 4015 884 4089 et
912 4002 1139 4121 generaliter
1167 4005 1205 4090 in
1235 4004 1382 4092 actibus
1412 3917 1588 4093 nobilium
1618 4005 1790 4094 omnibus
1819 4001 2027 4092 tractandis

397 4135 435 4206 et
465 4118 664 4226 iaciendis,
700 4121 750 4208 uti
785 4133 822 4208 et
851 4117 1044 4254 gaudere,
1078 4121 1238 4238 ipsaque
1271 4149 1377 4209 arma
1407 4123 1585 4244 pingere,
1619 4123 1784 4227 delerre,
1819 4119 1962 4210 eroldis
1989 4135 2030 4246 et

396 4234 624 4354 quibuslibet
653 4237 828 4326 ministris
858 4266 1053 4356 rmponere
1080 4254 1118 4326 et
1137 4237 1259 4359 ligare
1277 4241 1415 4358 poterit
1435 4258 1628 4360 perpetuo.
1678 4239 1864 4329 Volumus
1884 4253 2028 4360 preter·

397 4383 465 4461 ca,
497 4354 631 4443 eodem
652 4355 803 4444 domino
834 4352 999 4446 Martino
1023 4353 1219 4476 Episcopo
1240 4375 1490 4477 exposcente,
1520 4374 1560 4448 ut
1580 4359 1754 4448 omnibus
1774 4355 2026 4478 dignitatibus,

397 4472 639 4608 libertatibus,
659 4501 775 4592 prero
804 4474 926 4581 atiuis,
947 4489 985 4562 et
1003 4477 1147 4594 graciis
1167 4474 1346 4596 gaudeat,
1373 4477 1508 4597 quibus
1527 4475 1643 4566 ceteri
1663 4477 1855 4564 naturales
1873 4473 2028 4577 nobiles,

397 4606 435 4680 et
464 4607 659 4709 presertim
696 4503 866 4712 ejusdem
901 4591 1055 4697 familie,
1095 4595 1408 4716 fraternitatisque
1442 4595 1650 4686 domestice
1683 4597 1854 4709 Merowy
1882 4593 2028 4722 iratres,

499 4809 539 4892 l²l
567 4809 635 4876 Hoc
649 4810 720 4877 loco
735 4808 868 4893 spatium
883 4827 1012 4876 vacuum
1033 4809 1172 4878 relictum
1195 4811 1251 4884 insi
1273 4811 1304 4878 ni
1320 4809 1514 4898 depingendo
1528 4777 1759 4882 inseruibrrum·
1805 4807 1848 4893 (³)
1876 4807 2030 4878 Taberna·

400 4891 512 4970 culum,
525 4894 700 4961 tentorium.
734 4893 880 4980 Ducuoge
900 4888 1091 4961 &baronum
1105 4914 1129 4960 a.
1144 4915 1171 4963 r.
1186 4833 1306 4981 pupillo.
