4800 5942
999 723 1172 798 -eta
1229 762 1273 778 ·-

1044 1066 1235 1186 uxtttt

528 1335 749 1434 throuc,
776 1356 933 1425 ummo
959 1335 1113 1424 1492
1139 1337 1191 1421 d.
1221 1335 1262 1419 o
1287 1338 1495 1438 menete
1514 1339 1754 1446 auperti.

322 1536 518 1630 lurdonum
531 1541 682 1612 umorue
696 1539 737 1610 ct
752 1537 1054 1642 Alexandro,
1071 1537 1183 1630 lagno
1198 1539 1282 1612 tluce
1296 1538 1479 1612 liburnico
1494 1539 1596 1612 otton
1610 1539 1745 1614 nucem
1759 1537 1962 1631 impurtttuu,

381 1655 457 1742 ‘uuo
467 1655 576 1714 ouer
589 1639 754 1714 borum
768 1656 789 1711 a
801 1643 891 1729 patro
906 1644 941 1714 ot
952 1640 1195 1732 praelucentem
1210 1640 1371 1732 mollugo
1386 1640 1545 1726 omniuo,
1558 1641 1742 1714 tithonum
1758 1641 1853 1716 tutus
1867 1645 1901 1715 ct

527 1823 530 1828 ,
565 1741 739 1812 mucosum
754 1740 925 1828 mrumst,
939 1757 1060 1830 vatum
1074 1735 1168 1814 noris
1175 1742 1299 1834 jullius
1314 1744 1348 1813 ot
1361 1740 1534 1830 privilegiu
1549 1744 1647 1831 auget
1662 1743 1714 1828 (¹).

425 1961 471 2051 ln
499 1962 649 2049 nomine
680 1961 822 2050 Sancte
850 1975 887 2048 et
916 1959 1109 2052 lndividue
1141 1963 1349 2068 Trinitatis,
1387 1993 1508 2049 amen.
1563 1962 1626 2049 Ad
1657 1978 1876 2080 perpetuam
1907 1969 1962 2054 rei

326 2080 556 2168 memoriam.
597 2076 765 2183 Omnia,
795 2109 871 2197 que
890 2094 1074 2199 geruntur
1094 2081 1130 2166 in
1151 2101 1342 2197 tempore,
1373 2079 1422 2166 ab
1443 2079 1631 2167 hominum
1654 2083 1833 2168 memoria
1855 2084 1962 2170 simul

326 2196 501 2284 labuntur
531 2227 616 2283 cum
648 2212 836 2313 tempore,
866 2227 938 2284 nec
968 2196 1018 2283 ad
1049 2199 1255 2286 futurorum
1278 2212 1439 2315 possunt
1458 2199 1586 2285 venire
1606 2199 1803 2302 uoticlem,
1834 2201 1904 2288 nisi
1925 2201 1962 2288 in

324 2313 521 2431 scripturis
535 2314 703 2432 reposita
719 2329 1003 2400 conserventur:
1035 2313 1211 2422 Proinde,
1234 2343 1304 2400 nos
1325 2314 1542 2402 Alexander
1563 2313 1623 2400 dei
1639 2317 1771 2433 gracia
1791 2314 1962 2434 Magnus
2018 2325 2022 2334 '

325 2430 414 2520 Dux
436 2430 652 2535 Litbvanic,
674 2429 906 2546 Semogitbic
927 2431 1028 2544 (sic),
1049 2461 1121 2518 uec
1141 2462 1217 2520 non
1237 2447 1419 2519 terrerum
1441 2430 1582 2518 Russic
1604 2431 1777 2520 dominus
1798 2449 1834 2520 et
1849 2421 1962 2522 lieres

326 2564 399 2638 etc.
438 2547 681 2638 considerata
715 2546 902 2636 lidelitetis
942 2550 1160 2636 constancia
1198 2546 1617 2652 reverendissimorum,
1656 2547 1963 2658 reverendorum,

327 2665 541 2772 illustrium,
572 2678 853 2770 strennuorum,
874 2661 1177 2800 magnificorum,
1197 2694 1493 2783 generosorum,
1515 2664 1709 2769 nobilium,
1735 2694 1783 2751 ec
1803 2667 1963 2754 circum·

328 2813 350 2870 s
400 2796 545 2872 ctomm
581 2780 819 2870 Prelatorum
856 2781 1097 2899 spiritualium
1128 2797 1167 2868 et
1197 2783 1441 2888 secularium,
1480 2781 1718 2898 Principum,
1758 2781 1965 2890 Beronum,

365 2901 567 3004 clarorum,
588 2914 627 2986 et
648 2899 793 2987 Civium
809 2911 992 2986 terremur
1012 2897 1305 3018 lllegniduoatus
1319 2897 1525 3002 Litbvenie,
1546 2897 1699 3004 Bossia,
1720 2899 1963 3032 Sempgithie,

329 3042 442 3134 quem
473 3015 523 3100 ad
554 3043 626 3104 nos
656 3031 899 3131 nostramque
930 3017 1188 3121 serenitatem,
1229 3033 1406 3133 tunquam
1437 3016 1487 3102 ad
1518 3045 1647 3102 verum
1679 3030 1715 3102 et
1744 3015 1779 3100 le
1810 3029 1964 3103 rttrmum

326 3131 505 3220 heredem
526 3160 574 3219 ac
595 3130 783 3218 dominum
803 3132 1029 3237 naturalem,
1050 3131 1279 3238 habuerunt,
1311 3145 1348 3220 ct
1367 3130 1416 3217 dc
1436 3134 1537 3221 lacto
1558 3130 1716 3236 babent,
1745 3043 1887 3220 bdoere
1915 3161 1983 3221 ue·

327 3248 523 3340 intendunt
542 3261 763 3346 constanter
782 3263 820 3336 et
839 3247 998 3336 fideliter
1018 3249 1055 3336 in
1075 3249 1247 3356 luturum,
1267 3262 1380 3367 prout
1399 3248 1474 3337 hoc
1493 3249 1592 3336 bene
1613 3277 1676 3334 res
1696 3249 1733 3334 in
1755 3249 1810 3335 eis
1825 3164 1963 3368 proba-

327 3368 399 3458 vit:
430 3365 586 3486 dignum
616 3367 810 3472 duximus,
840 3396 911 3483 pro
931 3378 1035 3454 tauto
1055 3365 1178 3470 bono,
1208 3368 1424 3485 graciarum
1444 3382 1487 3469 ,et
1505 3365 1714 3452 libertatum
1736 3367 1963 3474 muneribus,

327 3484 644 3617 alijsquenostris
660 3483 862 3587 favoribus,
882 3484 974 3600 ipsis
990 3481 1220 3687 condigpnam
1236 3497 1273 3570 et
1289 3484 1507 3687 graciosum
1524 3483 1650 3568 lacere
1666 3509 1964 3615 recompensam.

328 3599 510 3718 lmprtmrs
541 3601 671 3719 igitur:
702 3599 879 3717 predictis
911 3601 1092 3707 PrelatiS,
1158 3601 1285 3717 riucipi
1313 3629 1378 3704 us,
1411 3599 1649 3702 Beronibus,
1679 3597 1895 3702 Nobilibus,
1926 3615 1964 3688 et

330 3717 551 3806 Civitatibus
571 3717 753 3807 dictarum
774 3733 956 3806 terrerum
978 3717 1272 3835 Magniducatus
1293 3717 1507 3822 Litbvenie‚
1530 3716 1693 3824 Russie,
1720 3715 1963 3835 Semogitbie,

329 3831 521 3942 dedimus,
558 3836 817 3924 concessimus
848 3851 886 3923 et
916 3835 1208 3924 irrevocabiliter
1244 3835 1451 3940 donemus,
1486 3837 1695 3953 vigoreque
1725 3835 1962 3949 presencium

329 3951 485 4058 damea,
527 3954 770 4043 concedimus
781 4021 798 4058 „
831 3951 1018 4041 donemus
1053 3966 1092 4040 et
1123 3955 1162 4040 in
1194 3970 1413 4071 perpetuum
1449 3953 1630 4072 largimur
1662 3950 1892 4068 generaliter
1927 3966 1964 4040 et

329 4071 481 4158 omnino
502 4070 637 4158 cedem
652 4073 743 4176 iure,
764 4071 968 4176 libertates,
983 4086 1021 4158 et
1035 4072 1294 4176 immunitates
1310 4086 1419 4188 prout
1435 4069 1574 4155 babent
1588 4068 1737 4174 Prelati,
1754 4067 1964 4184 Principes,

431 4316 471 4403 (¹)
498 4315 547 4386 Ex
560 4313 722 4400 archetypo
738 4317 970 4384 membranaceo
984 4319 1017 4384 in
1026 4319 1177 4386 tabulario
1191 4320 1235 4384 lll.
1250 4319 1426 4402 Principum
1441 4315 1688 4382 lludzivvillorum
1700 4325 1864 4384 asseruero.
1884 4318 1964 4387 Huic

330 4401 452 4469 tabidae
474 4419 640 4502 appensum
662 4399 790 4484 sigillum
805 4399 924 4467 mediae
939 4401 1154 4486 magnitudinis
1169 4403 1303 4468 luniculo
1318 4401 1415 4466 serico
1430 4399 1517 4464 rubei
1532 4399 1656 4477 coloris,
1676 4399 1801 4468 exbibet
1815 4401 1847 4467 in
1862 4402 1964 4467 medio

331 4486 437 4572 clypeo
453 4491 586 4571 equitem
602 4491 761 4561 armatum,
776 4483 914 4550 videlicet
926 4484 1046 4567 insigne
1060 4485 1105 4550 Μ.
1121 4487 1157 4550 l).
1171 4485 1361 4561 Litbucniue
1377 4485 1406 4549 in
1422 4483 1540 4550 ambitu
1554 4485 1695 4566 leguntur
1706 4486 1810 4552 verbu:
1823 4484 1880 4562 „S.
1891 4483 1964 4552 Alc-

330 4570 446 4636 mordet
457 4569 569 4655 Muprc'
580 4568 680 4634 Direla
694 4567 846 4634 Ιῐίῑωωὲε
857 4567 987 4634 Eruet?
1002 4575 1061 4634 etc.
1082 4571 1149 4634 Hoc
1160 4589 1285 4656 quoquc
1296 4568 1488 4653 priuilegium
1502 4576 1550 4632 ast
1563 4566 1642 4655 typis
1654 4576 1813 4639 exaratum
1828 4569 1964 4651 inopere

330 4651 447 4732 „Zeto
460 4653 554 4717 taen
567 4651 764 4718 LiumelciclP
780 4673 808 4735 p.
822 4649 875 4728 58,
890 4651 944 4718 sed
961 4653 1105 4802 puonium
1119 4652 1168 4718 hic
1182 4660 1340 4719 eucratium
1355 4659 1401 4718 eut
1415 4674 1453 4718 ex
1468 4651 1653 4738 apographo,
1669 4673 1724 4718 nos
1739 4671 1811 4716 raro
1826 4651 1963 4748 orobety.

332 4755 395 4820 pon
410 4737 500 4812 nacti,
514 4735 544 4801 in
560 4736 667 4802 eodem
684 4756 794 4820 magna
809 4757 847 4801 ex
861 4745 948 4820 parte
984 4737 1114 4803 tremum
1128 4737 1288 4803 vorborum
1304 4743 1478 4802 contextum
1495 4736 1740 4814 obseruauimuu,
1755 4735 1825 4800 ideo
1840 4733 1962 4822 priuile-

332 4819 415 4904 gium
431 4818 489 4886 boc
502 4820 604 4905 magui
620 4822 764 4888 momenti
779 4841 818 4888 ex
831 4819 994 4906 archetypo
1009 4820 1194 4906 descriptum
1209 4819 1414 4888 exhibendum
1429 4839 1495 4888 csse
1511 4820 1662 4887 cunnus

1754 4920 1790 4976 »14
