4778 5952
936 735 1365 842 *avom--

350 935 528 1026 iolunteti
561 937 655 1048 (sic).
708 936 758 1023 Ut
773 949 901 1020 autem
922 935 994 1026 heo
1014 934 1187 1020 vendicio
1216 935 1332 1022 robur
1353 935 1517 1021 obtineat
1537 937 1737 1044 firmitatis,
1769 957 1983 1056 presentem
2060 1035 2064 1046 ,

351 1055 463 1144 scribi
484 1057 641 1142 fecimus
661 1055 814 1158 literam,
837 1051 875 1136 el
893 1053 1012 1139 nostri
1033 1051 1145 1170 sigilli
1166 1054 1362 1150 munimine
1384 1053 1567 1139 roborari.
1604 1054 1742 1141 Datum
1762 1059 1798 1143 in
1814 1064 1984 1148 Plowczc

348 1177 385 1292 in
406 1175 532 1292 vigilia
553 1172 767 1260 Natiuitatis
788 1171 899 1257 Beati
920 1168 1104 1258 lobannis
1125 1169 1318 1287 Baptiste,
1351 1200 1452 1256 anno
1472 1170 1608 1256 domini
1636 1172 1829 1272 millesimo
1851 1179 1984 1268 tricen·
2134 1222 2137 1238 ·

322 1287 325 1298 ’
349 1294 483 1380 tesimo
505 1293 747 1410 sexagesimo
766 1289 897 1376 tercio
941 1287 1187 1376 presentibus
1209 1287 1382 1394 discretis
1403 1291 1502 1376 viris:
1524 1288 1793 1378 Bartholomeo
1816 1294 1984 1384 dalatlro·

349 1406 499 1522 wol2),
531 1439 614 1496 cum
637 1408 785 1496 duobus
806 1407 889 1524 lilijs
911 1408 988 1493 suis
1009 1407 1183 1493 videlicet
1202 1407 1319 1492 Petro
1341 1418 1378 1490 et
1397 1406 1605 1513 Michaele,
1637 1408 1788 1496 domino
1808 1411 1984 1502 dobanne
2061 1487 2062 1492 a

344 1525 513 1678 plebano
538 1527 588 1612 de
607 1526 810 1630 plumeae,
839 1523 999 1612 Nicolao
1021 1517 1122 1611 dicto
1145 1523 1318 1629 Geszlro,
1344 1524 1516 1612 dohanne
1538 1525 1738 1641 Lycmon,
1769 1527 2005 1640 lllaczlrone

356 1645 382 1732 Γ
384 1674 640 1764 royanowycz
661 1645 805 1734 ciuibus
825 1641 1217 1759 Radzeyowiensibus
1239 1673 1324 1728 cum
1345 1644 1428 1760 alijs
1449 1645 1582 1730 multis.

450 1761 535 1850 Nos
566 1793 658 1849 uero
689 1761 938 1881 peticionibus
969 1761 1173 1848 eorundem
1207 1777 1396 1879 tamquam
1428 1762 1532 1849 iustis
1564 1777 1600 1849 et
1627 1765 1770 1851 racioni
1802 1771 1983 1858 consonis

350 1880 560 2000 benigniter
580 1881 770 1986 acclinati,
804 1880 987 2000 prefatam
1007 1883 1171 1995 ipsorum
1194 1879 1337 1992 literam
1369 1910 1435 1965 seu
1467 1882 1721 1999 priuilegium,
1753 1885 1788 1970 in
1811 1887 1983 1976 omnibus

350 2000 429 2086 suis
450 1999 609 2116 punctis,
631 1997 820 2116 capitulis,
852 1998 1017 2085 articulis
1038 2014 1076 2084 ot
1095 1997 1272 2084 clausulis
1296 2000 1331 2082 in
1356 2027 1401 2082 ea
1424 2001 1627 2101 contentis,
1661 2015 1778 2087 ratam
1800 1988 1983 2093 babentes

300 2161 309 2174 ·
350 2131 463 2233 atque
484 2113 643 2236 gratam,
668 2148 717 2203 ex
737 2130 842 2203 certa
863 2129 993 2202 nostra
1015 2118 1177 2203 sciencia
1199 2115 1437 2219 ratificamus
1459 2116 1727 2235 gratificamus
1749 2121 1982 2228 innouamuS,

350 2235 627 2352 approbamus²
654 2235 926 2322 confirmamus
947 2248 983 2319 et
1004 2219 1190 2351 presenlis
1211 2231 1338 2349 scripti
1358 2237 1570 2348 patrocinio
1588 2235 1824 2345 roboramus,
1847 2239 1983 2328 decer·

350 2367 483 2440 nentes
511 2359 629 2470 ipsam
650 2354 767 2439 robur
789 2353 956 2440 obtinere
975 2365 1157 2468 perpetue
1179 2351 1369 2436 firmitatis.
1420 2349 1691 2438 Nicbilominus
1715 2369 1835 2442 tamen
1858 2358 1983 2444 omnia

344 2472 433 2587 jura
454 2481 585 2582 no'stra
602 2469 757 2588 regalia,
780 2469 913 2586 qulbus
929 2469 1063 2554 utimur
1079 2472 1114 2553 in
1132 2470 1307 2585 presenti,
1330 2467 1387 2552 uel
1407 2495 1479 2585 que
1496 2485 1709 2585 competere
1726 2469 1982 2579 dinoscuntur,

350 2588 458 2676 salua
488 2588 695 2706 pronubis
725 2601 763 2672 et
789 2587 928 2680 nostris
956 2587 1243 2674 successoribus
1274 2615 1525 2682 reseruemus
1577 2588 1674 2674 Post
1701 2588 1984 2710 uniusquidem

267 2741 272 2750 ·
350 2703 469 2794 littere
487 2704 794 2810 ratificacionem,
814 2701 912 2790 banc
933 2703 1280 2820 interpretacionem
1295 2702 1477 2790 adicimus
1499 2717 1538 2789 et
1551 2704 1718 2809 lauimus
1740 2708 1842 2823 quod
1858 2705 1987 2798 huius-

350 2823 453 2932 modi
489 2823 839 2927 oonfirmacionem,
874 2823 1166 2910 ratiboaoionem
1204 2834 1241 2907 et
1271 2819 1559 2922 roboracionem
1589 2821 1773 2944 priuilegij
1805 2826 1982 2943 ipsorum,

233 3034 238 3044 ‚
350 2942 498 3030 nonnisi
517 2940 568 3027 ad
591 2971 660 3047 ea,
687 2971 761 3059 que
781 2970 880 3026 nunc
901 2942 971 3058 ipsi
992 2940 1149 3028 Sculteti
1169 2952 1296 3026 tenent
1315 2938 1351 3040 in
1371 2941 1619 3057 possessione
1639 2939 1812 3030 volumus
1834 2945 1983 3034 extendi

351 3075 389 3170 et
408 3089 486 3159 uon
506 3057 555 3145 ad
576 3058 693 3174 plura.
730 3056 921 3171 Quantum
944 3088 1037 3145 uero
1054 3075 1113 3146 est
1129 3057 1177 3143 de
1193 3057 1382 3172 serutotjs,
1397 3057 1446 3144 ad
1464 3090 1537 3178 que
1554 3055 1756 3147 occasione
1772 3059 1983 3150 huiusmodi

352 3175 530 3288 spolecio
546 3188 726 3281 tenentur,
748 3176 809 3264 illa
828 3173 937 3282 nobis
959 3176 1060 3264 iuxta
1081 3175 1390 3266 consuetudinem
1406 3181 1594 3296 antiquam
1612 3189 1650 3261 et
1664 3175 1811 3264 solitum
1826 3210 1982 3288 morem,

352 3294 560 3384 secundum
581 3292 682 3414 quod
706 3308 743 3380 et
762 3295 822 3413 alij
842 3291 999 3388 sculteti
1031 3296 1067 3382 in
1099 3293 1217 3382 Terra
1246 3293 1474 3409 Cuyauiensi
1496 3313 1529 3383 et
1551 3291 1762 3382 Palatinatu
1784 3293 1983 3386 Brestensi

351 3413 521 3522 villarum
551 3426 764 3500 nostrarum
793 3411 979 3533 regalium
1009 3415 1194 3518 seruiunt,
1226 3411 1444 3528 impendere
1474 3411 1695 3500 tenebuntur
1727 3428 1764 3499 et
1794 3416 1982 3532 supplere,

351 3531 581 3619 mconsuetis
603 3545 639 3616 et
652 3528 811 3618 insolitis
831 3529 1002 3647 seruioijs
1025 3529 1181 3618 eosdem
1204 3558 1363 3616 onerare
1384 3561 1452 3616 seu
1474 3530 1608 3647 quouis
1629 3521 1751 3617 modo'
1765 3551 1984 3664 aggrauare'

354 3647 547 3753 nolumus,
578 3647 781 3764 nequead
810 3647 870 3734 illa
899 3645 1181 3764 quomodolibet
1209 3647 1380 3765 obligari.
1430 3647 1472 3734 ln
1504 3649 1609 3734 cuius
1640 3650 1694 3734 rei
1722 3648 1982 3755 testimonium,

353 3764 518 3884 sigillum
541 3781 709 3854 nostrum
738 3765 979 3883 presentibus
1000 3781 1058 3854 est
1078 3767 1371 3883 subappensum.
1423 3765 1559 3856 Actum
1590 3767 1627 3854 in
1653 3773 1861 3863 Brzescze.
1893 3767 1983 3856 sab-

351 3883 467 3973 batho
498 3885 670 4001 proximo
696 3897 788 3984 ‘ante
819 3885 954 3974 lestum
981 3886 1123 3980 Sancte
1152 3883 1399 4004 Margaretbe
1424 3886 1473 4000 (d.
1495 3891 1538 3972 to
1558 3878 1677 4003 tutij),
1709 3916 1810 3974 anno
1843 3883 1983 3974 domini

351 4001 546 4090 millesimo
614 3998 933 4122 adringentesimo
952 4005 1262 4123 quinquagesimo
1279 4021 1397 4094 sexto.
1425 4001 1673 4092 Presentibus
1689 4002 1836 4090 ibidem:
1857 4003 1983 4090 Reue-

351 4115 472 4220 rendo
493 4119 581 4208 inC
608 4123 699 4213 rislo
721 4137 826 4238 patre
846 4121 998 4210 domino
1027 4123 1190 4211 Andrea·
1205 4123 1309 4238 episc
1360 4137 1386 4211 'o
1409 4123 1689 4228 Poznaniensip
1712 4135 1748 4206 et
1767 4116 1983 4242 Magnificis

352 4249 391 4324 et
404 4235 639 4348 ¹'Generosisz
670 4237 850 4336 Paslmne
871 4238 926 4328 de,
941 4230 1196 4356 Goslawycza
1222 4242 1335 4328 Casto
1351 4239 1437 4326 lano
1459 4231 1699 4344 Conariensi,
1731 4237 1911 4327 Floriano
1933 4237 1983 4326 de

351 4355 574 4458 Paoounow
596 4352 848 4471 Subdapilero
866 4355 978 4446 Curie
995 4373 1135 4463 nostre,
1155 4353 1315 4444 Nicolao
1330 4353 1488 4472 Beijsad
1506 4353 1718 4444 Vexillr'lero
1736 4342 1983 4447 Craoouiensi

353 4487 390 4559 et
404 4469 659 4580 Marsobaloo,
681 4471 827 4562 Thoma
848 4473 1215 4592 Sa'nczygnyewsky
1235 4474 1416 4578 ln'oisore,
1439 4469 1722 4593 Voyschylrone
1742 4474 1790 4562 de
1805 4471 1982 4591 Woijcza
2011 4479 2016 4484 ’
2040 4527 2047 4532 -
2103 4472 2109 4480 ’

454 4773 492 4872 (²)
520 4774 656 4872 Doberet
668 4795 735 4841 esse
750 4774 788 4840 de
802 4773 1179 4860 Lstlmwo.-Lotlroooo,‘
1191 4775 1326 4853 Ploroce,
1341 4774 1467 4854 Stortslr,
1483 4777 1567 4844 rillee
1583 4777 1755 4865 provinciae
1769 4735 1981 4854 Mesoriensiss

352 4858 498 4925 tmritorri
510 4858 707 4945 (ldpariensis,
720 4860 851 4945 regionis
866 4860 1127 4946 llodniejeriensis.
1244 4895 1247 4904 r
1802 4897 1805 4902 ·

1776 4923 1811 5017 so
