4778 5952
1101 789 1374 864 —250-

525 965 623 1086 1381.
665 994 748 1083 Nos
767 993 986 1082 Lodovicus
1007 992 1068 1081 dei
1088 993 1219 1114 gracia
1239 991 1327 1080 Rex
1346 992 1555 1110 Hungarie,
1576 991 1747 1098 Polonie,
1768 944 1963 1082 Dalmacie
1978 1011 2049 1082 etc.

264 1131 266 1136 ’
422 1117 506 1207 Vos
522 1115 703 1202 lllustrem
721 1113 934 1227 Principem
951 1111 1138 1200 dominum
1152 1110 1378 1215 Bubonem,
1393 1110 1540 1198 Ducem
1554 1107 1703 1228 Opolie,
1717 1113 1868 1198 fratrem
1881 1127 2050 1200 nostrum

421 1235 675 1336 carissimum,
707 1229 960 1318 Castellanum
987 1229 1047 1315 vel
1073 1227 1414 1316 Vicecastellanum
1441 1241 1606 1316 vestrum
1628 1229 1677 1314 de
1702 1233 1948 1344 Czomsteyc,
1979 1259 2050 1316 nec

420 1383 496 1441 non
518 1364 677 1446 cunctos
694 1345 736 1464 (Β)
758 1347 938 1437 officiales
958 1348 1129 1452 lamulos‚
1152 1360 1188 1435 et
1202 1343 1244 1460 (⁰)
1265 1348 1369 1436 vices
1390 1357 1539 1432 uestras
1559 1363 1751 1466 gerentes,
1773 1350 1843 1435 bas
1866 1349 2050 1465 inspectu·

420 1500 486 1558 ros
502 1467 737 1588 presentibus
752 1465 986 1584 requirimus,
1001 1457 1184 1582 vobisque
1201 1464 1471 1562 committimus,
1514 1480 1673 1552 uatenus
1689 1462 1905 1583 religiosum
1922 1466 2051 1569 virum,

400 1579 572 1680 'turen
592 1585 815 1688 debitorem,
837 1585 1007 1670 Priorem
1029 1582 1169 1670 ordinis
1193 1581 1457 1687 Cartusieosis,
1477 1493 1698 1701 lilonasterij
1722 1584 1851 1672 Sancti
1873 1582 2049 1700 Autlionij

420 1705 651 1794 confessoris
692 1701 741 1792 de
769 1704 869 1792 iuxta
900 1701 1052 1790 lluvium
1067 1707 1284 1814 Ducupecz
1313 1717 1351 1790 et
1381 1731 1490 1788 suum
1516 1716 1761 1806 conventum,
1776 1701 2051 1818 -a-piscucione

420 1823 519 1940 lluvij
546 1828 753 1934 Ducarjecz
773 1821 921 1924 vocati,
949 1819 1091 1906 etiamsi
1114 1820 1150 1905 in
1171 1819 1351 1935 porcione
1378 1833 1415 1906 et
1433 1835 1540 1936 parte
1559 1834 1690 1906 nostra
1711 1819 1849 1936 regali,
1881 1849 1992 1937 qnam
2013 1818 2056 1903 in

419 1940 521 2030 dicto
545 1939 658 2028 lluvio
679 1939 882 2043 babemus,
918 1966 990 2055 pro
1020 1937 1184 2052 ipsorum
1217 1935 1396 2026 duntaxat
1426 1967 1517 2042 usu,
1553 1933 1623 2024 sed
1645 1967 1721 2026 non
1740 1937 1971 2054 obagionum
1989 1932 2049 2047 (¹⁰)

419 2057 626 2148 eorundem
645 2054 828 2160 iacienda,
849 2085 925 2144 non
940 2053 1147 2158 inhibentis,
1169 2085 1291 2172 neque
1307 2053 1549 2157 interdicatis,
1568 2052 1638 2142 sed
1655 2056 1873 2173 permittatis
1888 2056 2050 2172 piscato-

419 2206 484 2264 res
505 2177 671 2293 ipsorum
700 2174 846 2262 Prioris
877 2189 914 2262 et
936 2187 1143 2262 conventus
1163 2171 1200 2258 in
1221 2173 1321 2260 dicta
1342 2202 1462 2307 aqna,
1492 2173 1603 2260 etiem
1625 2175 1661 2260 in
1683 2175 1864 2290 porcione
1887 2186 1925 2261 et
1943 2187 2049 2290 porte

418 2307 561 2398 nostre,
576 2323 645 2410 pro
660 2293 759 2380 victu
772 2320 903 2379 eorum
917 2319 1069 2408 semper
1109 2289 1240 2378 aoilice
1255 2291 1405 2409 piscem.
1426 2287 1600 2404 Quot(¹¹)
1617 2291 1672 2380 eis
1689 2291 1738 2378 ob
1754 2289 1957 2381 remedium
1972 2291 2049 2379 nui·

418 2442 478 2498 me
499 2424 629 2501 nostre
649 2427 688 2500 et
706 2408 876 2513 salutem,
897 2437 1040 2526 exque
1061 2318 1231 2520 ideml¹²l
1251 2438 1329 2496 noo
1349 2408 1543 2512 carnibus
1560 2407 1631 2495 sed
1651 2408 1772 2498 solum
1792 2409 1958 2528 piscibus
1980 2437 2049 2526 pro

418 2531 548 2616 stricta
578 2528 712 2645 regula
743 2539 912 2629 utuntur,
943 2524 1115 2614 dedimus
1142 2527 1178 2612 in
1199 2529 1380 2642 porcione
1401 2539 1533 2614 nostra
1554 2557 1596 2614 re
1629 2521 1691 2632 ias
1712 2529 1747 2616 in
1768 2527 1914 2644 prelato
1934 2525 2050 2614 lluvie
2191 2607 2193 2612 .

412 2643 591 2763 piscandi
620 2673 691 2761 pre
722 2643 844 2732 solum
874 2673 944 2732 usn
975 2657 1012 2730 et
1031 2644 1129 2732 victu
1156 2666 1307 2749 eorum,·
1337 2642 1491 2732 liberam
1520 2557 1743 2732 faculatem.
1793 2643 1904 2730 Aliud
1937 2645 2050 2776 igitur

418 2790 491 2882 pro
522 2775 653 2849 uostm
683 2761 815 2879 gnada
834 2790 912 2848 non
931 2760 1073 2850 lecturi.
1114 2759 1266 2848 Futnris
1288 2761 1407 2851 eciam
1428 2760 1663 2866 castellanis,
1692 2759 1990 2850 vicaoustellams
2010 2773 2049 2858 et

418 2877 639 2978 officialibus
659 2879 897 2997 precipimus,
916 2873 1004 2974 illud
1025 2876 1124 2970 idem
1144 2875 1279 2966 dnntes
1299 2879 1355 2966 eis
1376 2877 1555 2968 similibus
1575 2877 1645 2968 sub
1662 2879 1861 2997 preceptis.
1881 2877 2047 2967 Presem

418 3010 478 3086 tes
504 2997 615 3087 etiam
642 2994 745 3113 apud
771 2993 929 3086 eosdem
953 2995 1130 3094 Priorem
1155 3011 1195 3084 et
1223 3011 1447 3085 conventum
1478 2995 1651 3089 volumus
1671 3026 1822 3116 semper
1840 3019 2047 3086 remanere

420 3115 557 3210 Datum
592 3114 631 3202 in
664 3119 771 3224 Lipte
805 3115 842 3200 in
871 3115 968 3205 sesto
998 3111 1050 3200 ad
1079 3114 1227 3202 vincula
1257 3114 1358 3203 beati
1387 3113 1510 3221 Petri,
1548 3143 1652 3205 enno
1683 3114 1821 3210 domini
1857 3113 2048 3206 millesimo

280 3271 282 3274 ·
418 3233 683 3328 trecentesimo
704 3231 965 3352 octuagesimo
986 3231 1117 3350 primo.

520 3347 604 3437 Nos
635 3351 759 3466 itaque
793 3347 1043 3466 peticionibus
1076 3349 1223 3466 prelati¹
1243 3348 1352 3438 Pauli
1381 3349 1526 3443 Prioris
1556 3350 1847 3441 misericorditer
1876 3348 2047 3452 inclinati,

333 3565 335 3572 ‚
418 3468 843 3586 literom'prescriptam
878 3482 998 3558 ratam
1034 3483 1071 3556 et
1105 3482 1253 3584 gratum
1287 3467 1492 3574 habentes,
1531 3470 1652 3586 ipsam
1688 3469 1741 3558 in
1762 3463 1933 3557 omnibus
1968 3466 2047 3552 suis

418 3587 587 3702 punctis,
618 3584 815 3697 clausuliS,
846 3599 883 3674 et
902 3583 1185 3678 condicionibus
1205 3587 1445 3690 moeremus,
1473 3586 1702 3677 ratificamus
1723 3599 1761 3671 et
1779 3585 2048 3704 approbamus,

417 3703 594 3791 volentes
620 3703 740 3818 ipsam
770 3703 886 3789 robur
915 3702 1085 3790 obtinere
1109 3720 1290 3822 perpetue
1309 3704 1503 3792 lirmitatis.
1543 3703 1730 3794 Volumus
1749 3705 1913 3819 insuper,
1943 3714 1980 3790 et
1999 3699 2048 3790 de

420 3819 573 3936 speciali
603 3833 734 3906 nostra
764 3819 922 3938 reginali
952 3819 1083 3938 gracia
1115 3821 1346 3926 mandamus,
1377 3820 1577 3911 districtius
1607 3823 1845 3939 injungentes
1877 3819 2048 3916 omnibus

417 3937 649 4054 Tenutarijs,
679 3935 908 4055 Burgrabijs
938 3952 975 4022 et
1006 3935 1239 4026 Ollicialibus
1263 3937 1351 4026 dicti
1372 3940 1625 4026 nostrinostri
1659 3941 1855 4025 θονιηειίη
1876 3935 1957 4050 (¹³),
1973 3937 2049 4055 qui

417 4084 488 4188 pro
510 4071 678 4172 ternpore
690 4055 837 4162 luerint,
853 4067 1044 4173 quatenns
1065 4053 1202 4142 dictum
1222 4052 1394 4144 Priorem
1415 4067 1453 4144 et
1472 4082 1565 4144 suos
1585 4081 1847 4158 successoren,
1868 4086 1944 4148 urm
1965 4081 2048 4150 cum

418 4200 587 4287 ipsorum
607 4187 811 4280 conventu,
842 4173 880 4260 in
899 4169 1135 4286 molendino,
1165 4170 1268 4290 quod
1287 4171 1426 4266 babent
1452 4171 1680 4291 inpredicto
1701 4171 1815 4260 lluvio
1836 4179 2048 4287 Dcunpacz,

416 4287 619 4377 molestare
650 4302 688 4381 et
716 4291 765 4378 ab
796 4291 889 4409 ipsis
919 4305 1089 4408 protextu
1117 4289 1320 4397 obstaculi,
1351 4290 1566 4409 aprodicto
1591 4289 1806 4387 molendino
1823 4289 1883 4380 -od
1903 4289 2049 4407 rippam

420 4407 527 4495 istius
554 4407 669 4525 partis
694 4412 860 4526 protensi
891 4422 995 4495 trans
1026 4407 1195 4514 liuidum,
1225 4408 1372 4528 aliquas
1404 4411 1700 4498 exoneraciones
1731 4438 1800 4496 seu
1831 4407 2050 4493 exactiones

418 4527 575 4644 ineptas,
596 4525 753 4645 exigere
771 4538 809 4614 et
823 4526 1111 4682 postularennou
1132 4542 1361 4643 presumunt
1399 4527 1444 4614 Si
1458 4529 1542 4646 quis
1557 4541 1747 4616 autemex
1761 4522 1972 4644 ipsishanc
1988 4520 2048 4636 (¹⁴)

418 4757 557 4977 trebelli
578 4836 705 4896 emm
747 4825 783 4911 (⁹)
804 4827 859 4910 'ml'
902 4753 952 4908 (ml
974 4827 1184 4912 mmm
1226 4779 1281 4912 (ir)
1293 4826 1383 4906 Qui*
1427 4815 1592 4911 (nibilum
1635 4826 1687 4939 lli
1699 4776 1882 4952 ⁰²⁰m⁸liu⁰l
1910 4764 1962 4910 pi)
1977 4837 2048 4892 Μ*
