4800 5942
1135 738 1410 814 ..334-

462 945 737 1033 adfuturorum
756 951 918 1059 possunt
931 941 1058 1030 venire
1074 941 1258 1044 noticiam,
1280 939 1349 1026 nisi
1364 939 1401 1025 in
1416 939 1610 1056 scripturis
1625 940 1791 1056 reposita
1806 957 2090 1030 conserventur.
2170 931 2177 946 ’

462 1062 651 1159 Proinde,
680 1089 751 1146 nos
781 1060 995 1146 Kazimirus
1016 1057 1075 1144 dci
1097 1058 1228 1176 gracia
1256 1055 1411 1144 Electus
1421 1056 1517 1144 'Rex
1536 1055 1665 1175 Regni
1685 1055 1845 1156 Polonie
1865 1071 1903 1145 et
1921 1057 2090 1176 Magnus

462 1183 548 1268 Dux
584 1177 783 1281 Littvania,
818 1176 960 1263 Russie
990 1191 1028 1262 et
1058 1175 1277 1294 Samagittie
1310 1189 1491 1261 venamur
1524 1189 1594 1262 etc.
1629 1175 1869 1262 considerata
1900 1175 2090 1266 lidelitatis

461 1297 680 1387 constancia
706 1292 1125 1397 reverendissimorum,
1157 1292 1442 1394 venerabilium,
1464 1292 1675 1398 illustrium,
1696 1307 1980 1398 strermuorum,
1999 1295 2089 1382 vali-

461 1416 593 1504 dcrum
616 1423 653 1498 et
673 1389 997 1530 prudencium,.ac
1017 1413 1384 1613 circnmppectorum:
1405 1411 1639 1497 Pralatorum
1661 1399 1904 1526 spiritualium
1925 1425 1965 1497 at
1983 1441 2089 1498 secu·

461 1534 612 1636 larium,
645 1531 882 1647 Principum,
911 1527 1134 1632 Beronum,
1196 1527 1364 1630 obilium,
1394 1528 1634 1642 Boyarorum
1667 1543 1704 1614 et
1734 1528 1876 1616 Civium
1907 1543 2090 1616 terrarum

461 1650 594 1768 Magni
621 1648 792 1735 Ducetus
812 1645 1041 1746 Litlbvanie,
1072 1647 1233 1749 Russie,
1265 1645 1508 1763 Semegittie‚
1527 1671 1650 1758 ,quam
1671 1643 1722 1753 ad
1743 1643 1825 1750 nos,
1847 1659 2091 1758 nostramque

461 1767 700 1858 serenitatem
732 1795 779 1851 cc
811 1793 1032 1880 porsonam,
1074 1780 1248 1878 tanquam
1285 1762 1350 1864 ad·
1369 1791 1499 1849 verum
1531 1777 1568 1849 et
1592 1764 1808 1879 legittimum
1840 1763 2016 1850 heredem
2041 1793 2090 1851 ac

461 1887 650 1975 dominum
682 1884 908 1983 naturalem,
946 1880 1172 1984 babuerunt,
1209 1893 1247 1964 et
1277 1879 1426 1968 delecto
1457 1879 1614 1984 babent,
1651 1880 1867 1998 habereque
1897 1880 2091 1996 intendunt

461 2015 679 2091 constanter
699 2016 737 2086 at
755 1998 911 2085 lideliter
932 1999 967 2082 in
988 1999 1166 2102 futurum,
1202 2011 1314 2114 prout
1340 1998 1413 2084 boc
1437 1997 1534 2084 bene
1555 2026 1624 2114 per
1645 2000 1920 2115 experieneiam
1942 2001 1979 2085 in
1999 2000 2089 2117 ipsis

462 2119 705 2206 effectualiter
723 2131 783 2203 est
802 2130 1011 2232 repertum,
1042 2116 1197 2234 dignum
1229 2115 1403 2202 duximus
1433 2143 1503 2232 pro
1534 2128 1637 2201 tanto
1662 2115 1783 2220 bono,
1815 2118 2029 2234 graciarum
2050 2131 2090 2203 et

461 2238 668 2324 libertatum
683 2235 909 2337 muneribus,
922 2234 1079 2351 alijsquc
1096 2234 1234 2321 nostris
1249 2233 1452 2337 favoribus,
1468 2233 1559 2350 ipsis
1575 2231 1803 2352 condignam
1820 2248 1858 2322 et
1872 2234 2088 2352 graciosum

460 2355 587 2442 lacere
610 2381 907 2468 recompensem.
960 2350 1061 2464 Quia
1082 2365 1171 2437 tunc
1191 2352 1225 2437 in
1248 2364 1461 2466 posterum,
1493 2349 1543 2436 ud
1574 2381 1645 2437 nos
1676 2364 1714 2436 et
1743 2367 1874 2438 nostra
1905 2351 2089 2469 obsequia

370 2499 374 2506 ·
460 2473 693 2560 invenientur
716 2497 823 2584 prom
852 2469 997 2573 cioras,
1028 2467 1179 2585 quando
1201 2499 1244 2556 se
1264 2467 1423 2554 viderint
1452 2468 1563 2554 tantis
1584 2467 1978 2586 grecijseonsoletcs.
2028 2469 2089 2554 ln-

486 2591 588 2676 rimis
609 2589 722 2703 igitur
742 2501 920 2700 predictis
941 2585 1111 2689 Prelatis,
1134 2584 1378 2698 Principibus,
1401 2584 1628 2688 Beronibus,
1648 2583 1846 2672 Nobilibus
1866 2598 1905 2672 et
1927 2586 2089 2673 Civitati-

460 2620 534 2790 lus
555 2703 738 2788 dicturum
760 2717 945 2788 terrarum
974 2703 1107 2820 Magni
1130 2701 1300 2789 Ducetus
1320 2701 1549 2805 Littbvenie,
1581 2702 1741 2807 Russie,
1773 2703 1994 2819 Samagittie
2016 2719 2088 2788 etc.

461 2819 651 2922 dedimus,
672 2820 942 2906 concessimus
962 2831 998 2904 et
1019 2819 1311 2906 irrevocabiliter
1342 2818 1583 2922 donavimus,
1615 2823 1819 2952 vigoreque
1849 2819 2088 2935 presencium

461 2937 616 3052 demus,
652 2935 914 3039 concedimus,
955 2936 1141 3024 donamus
1176 2953 1213 3023 et
1246 2937 1285 3024 iu
1319 2953 1538 3054 perpetuum
1574 2937 1753 3056 lergnmur
1788 2934 2018 3055 generaliter
2051 2951 2091 3023 et
2155 3045 2163 3057 p

462 3056 637 3159 omnino,
667 3052 802 3140 eadem
817 3055 923 3170 jura,
954 3055 1164 3160 libertates,
1195 3069 1233 3142 et
1252 3057 1472 3142 emunitates
1493 3055 1596 3167 (sic),
1630 3069 1742 3171 prout
1770 3053 1911 3140 habeut
1940 3053 2091 3157 Prelab',

463 3173 678 3288 Principes,
709 3171 905 3278 Berones,
936 3169 1093 3258 Nobiles
1120 3187 1157 3258 ct
1186 3172 1367 3292 Civitates
1398 3171 1525 3290 Regni
1554 3173 1727 3259 Pclunia.
1781 3171 1861 3259 Sed
1883 3202 1931 3258 nc
1950 3201 1998 3258 ex
2017 3169 2091 3257 bac

382 3331 385 3336 ·
462 3289 727 3409 generalitate,
768 3289 892 3406 eliqua
928 3290 1154 3408 ambiguitas
1190 3291 1270 3378 sive
1311 3287 1481 3377 dubietas
1522 3291 1557 3376 in
1593 3305 1786 3407 posterum
1823 3285 2090 3400 quoquomodo

461 3408 584 3526 possit
603 3405 782 3512 suboriri,
813 3407 916 3524 ipsas
936 3407 1145 3514 libertateS,
1181 3436 1250 3494 seu
1272 3405 1456 3526 quasdam
1477 3409 1660 3524 ipsarum,
1686 3407 1747 3494 bic
1767 3405 2003 3494 decrevimus
2024 3409 2089 3523 po-'

461 3553 553 3611 nere
574 3553 643 3640 par
663 3527 893 3642 expressum.
949 3522 999 3612 Et
1018 3523 1148 3641 primo:
1169 3555 1301 3611 omnes
1323 3522 1565 3630 donaciones,
1585 3523 1792 3643 privilegia,
1813 3540 1851 3612 et
1872 3523 2089 3610 emunitates

396 3681 404 3696 ·
462 3641 706 3727 ecclesiarum
728 3641 1018 3746 kathedralium,
1053 3640 1335 3760 collegiatarum
1357 3658 1394 3728 et
1413 3641 1733 3746 conventualium,
1765 3644 1802 3728 in
1824 3643 1933 3730 terris
1953 3641 2090 3728 nostris

203 3745 206 3754 ¹
337 3805 339 3816 .
462 3755 529 3842 Me
561 3758 596 3842 ni
615 3757 786 3844 Ducetus
806 3755 1012 3864 Litbvebie,
1033 3757 1186 3864 Russie,
1206 3758 1429 3877 Semagittie'
1444 3775 1511 3846 etc.
1532 3773 1742 3845 erectarum
1760 3774 1798 3847 et
1813 3756 2089 3876 erigendarum,

462 3786 696 3961 fundatarum
726 3888 837 3984 atque
863 3874 1157 3982 fundandarum,
1189 3877 1359 3962 volumus
1382 3877 1506 3962 illesas
1528 3893 1564 3962 et
1584 3875 1780 3962 inviolatas
1802 3903 2031 3963 conservare
2053 3888 2091 3959 et

463 3994 578 4096 tueri,
609 4021 657 4078 ac
688 4005 890 4110 protegere
921 3991 1018 4079 iuxta
1050 4007 1216 4079 nostram
1249 3991 1498 4079 omnimodam
1526 4007 1761 4111 potestatem.
1808 3991 1918 4106 Quas
1939 3987 2090 4103 quidem

464 4107 646 4210 ecclesias
665 4107 918 4216 ketlredrales,
940 4110 1175 4230 collegiatae
1194 4110 1477 4217 converuuales,
1497 4125 1666 4230 tempore
1686 4109 1821 4215 medio,
1842 4137 1910 4226 per
1931 4120 2089 4198 mortem

464 4226 524 4312 vel
546 4225 845 4346 resignacionam
867 4230 899 4314 si
920 4258 1084 4315 veccarc
1105 4228 1187 4340 (sic)
1209 4229 1427 4346 contigerit,
1445 4243 1485 4314 et
1505 4257 1573 4314 ees
1593 4245 1912 4346 pestorecarere,
1934 4253 2089 4338 querum

458 4345 523 4460 jus
544 4355 763 4460 patronatus
783 4343 833 4431 ed
855 4377 927 4434 nos
948 4341 1253 4433 et'successorcs
1270 4361 1421 4432 nostros
1438 4345 1643 4434 dinoscitur
1662 4349 1849 4464 pertinere
1869 4343 1979 4462 pleno
1999 4343 2088 4428 iure:

465 4591 663 4660 desideratur.
694 4593 887 4676 Pririlegium
904 4593 997 4660 bucce
1010 4594 1146 4694 quamvis
1160 4592 1239 4745 typis
1254 4601 1411 4662 exaratum
1426 4593 1465 4661 sit
1479 4595 1509 4660 in
1524 4613 1617 4682 opere
1628 4594 1691 4681 jam
1705 4593 1829 4679 saepius
1840 4593 1963 4658 laudato
1976 4587 2091 4668 „th‘dr

463 4676 557 4742 Prcec
571 4678 768 4744 IatewsldelP
804 4725 811 4742 .
826 4677 868 4745 28
883 4677 931 4743 bic
944 4687 1047 4744 tamen
1061 4701 1181 4744 rnseran
1205 4699 1256 4744 um
1272 4681 1428 4759 duximus,
1450 4682 1563 4766 quippe
1577 4680 1661 4766 quod
1676 4701 1714 4744 ex
1728 4678 1890 4764 archetypo
1906 4675 2090 4762 descriptum

463 4758 544 4859 baud
559 4781 671 4912 paucas
684 4763 715 4828 in
731 4699 892 4868 verborum
907 4761 1206 4866 coptextuexlnibset
1219 4764 1396 4840 varietates,
1417 4784 1547 4850 varum
1562 4763 1728 4832 auctoritas
1742 4763 1906 4850 plun'rarun
1919 4779 1976 4828 nos
1989 4758 2092 4832 novit,

464 4852 501 4910 nt
513 4867 545 4912 m
580 4855 737 4914 ocnostrc
750 4866 879 4933 corpora
893 4855 971 4932 typus
985 4847 1196 4915 excudendum
1210 4867 1396 4916 curaremus.
