4780 5922
174 4873 203 4973 Ἰ
342 4871 397 4942 ιιό”
413 4871 496 4940 dioto
510 4873 541 4940 in
559 4873 750 4942 Vnrseriensi
764 4876 917 4944 tabulario
932 4876 1054 4962 publico
1067 4876 1328 4968 Regni·l³oloniao
1343 4884 1500 4944 reseruata

1009 775 1057 812 '-
1112 759 1180 832 201
1243 799 1287 812 -

335 961 505 1060 muniri„
536 958 671 1046 Actum
702 958 921 1064 Laneioiae,
955 959 990 1044 in
1022 956 1083 1045 die
1113 958 1225 1045 Beati
1255 957 1412 1046 loannis
1443 959 1660 1076 Baptistae,
1692 964 1804 1053 Anno
1832 963 1972 1056 domini

335 1076 534 1164 lllillesimo
562 1077 845 1164 Trecentesimo
874 1076 1167 1196 quadragesimo
1190 1090 1339 1163 ootauo.
1392 1077 1640 1164 Presentibus
1662 1085 1823 1170 strenuis
1845 1101 1882 1171 et
1901 1117 1972 1174 no·

335 1195 470 1283 bilibus
491 1197 600 1314 uiris:
630 1194 792 1283 Domino
814 1195 909 1282 Falo
932 1193 1104 1281 Palatino
1126 1195 1379 1297 Lanoieiensi,
1401 1195 1540 1282 lwoue
1552 1196 1788 1312 Praeposito,
1811 1199 1972 1291 Nicolao

307 1339 314 1352 ’
335 1312 629 1420 Arebidiaoono,
650 1312 857 1400 Kielozone
873 1311 1055 1416 Custode,
1071 1313 1368 1422 Gnesnensibus;
1389 1344 1461 1401 neo
1477 1344 1552 1400 non
1568 1313 1755 1402 llliohaele
1773 1317 1972 1427 Pinoerna,

335 1433 534 1519 Dominieo
556 1433 760 1519 Subiudiee
780 1430 1109 1537 Laneioiensibus,
1142 1445 1177 1518 et
1202 1431 1367 1519 Tiezone
1389 1431 1439 1517 de
1458 1431 1715 1537 Radomskie,
1736 1451 1772 1523 et
1792 1437 1873 1525 aliis
1894 1439 1972 1554 plu-

335 1549 440 1640 ribus
462 1549 538 1637 lide
559 1549 695 1671 dignis
719 1667 723 1672 Ι
936 1657 938 1662 ¹
1051 1685 1056 1696 Ι
1758 1591 1770 1662 j

406 1936 409 1946 ,
1082 1801 1224 1917 oxu.

338 2059 410 2138 ln
434 2054 576 2201 uttto
602 1985 998 2152 Boorumm‘lrt,
1026 2075 1182 2140 anno
1209 2053 1361 2140 1:349
1385 2027 1440 2139 it.
1461 2053 1534 2139 lt)
1552 2075 1719 2141 neena.
1747 2053 1970 2160 aientis.

338 2206 720 2316 vromsrnm'om
734 2239 944 2314 lanstriensis
959 2244 993 2314 ot
1005 2240 1205 2315 nobrinemiu
1218 2240 1310 2314 militi
1324 2240 1466 2317 nuum
1480 2241 1626 2315 medoen
1640 2243 1672 2314 iu
1686 2242 1779 2317 Tana
1792 2245 1974 2320 normann

458 2341 569 2447 fliium,
583 2359 646 2414 uno
661 2358 730 2438 eun
745 2342 828 2416 sitm
842 2343 1051 2422 Gorzectmo,
1065 2340 1166 2432 ipsius
1180 2343 1347 2418 hereditati
1360 2343 1487 2433 zymiki
1501 2341 1791 2438 numennumen
1805 2349 1856 2434 (¹).

439 2554 549 2636 1493.
602 2547 643 2632 ln
676 2535 835 2633 nomine
855 2547 1013 2652 domini,
1044 2577 1165 2638 amen.
1222 2549 1284 2636 Ad
1315 2563 1534 2667 perpetuam
1565 2550 1621 2634 rei
1652 2553 1868 2638 memoriam
1901 2568 1973 2638 eto.

249 2665 257 2677 ’
339 2667 608 2786 Signilloamus
639 2680 769 2752 tenore
799 2669 1036 2782 presencium
1064 2681 1134 2752 eto.
1186 2667 1392 2782 Quomodo
1413 2670 1449 2752 in
1471 2675 1601 2753 nostra
1633 2666 1803 2779 (loannis
1830 2669 1976 2757 Alberti

337 2785 488 2903 Regis),
510 2801 547 2874 et
568 2783 875 2893 Consiliariorum
895 2797 1111 2871 nostrorum
1133 2788 1330 2905 presencia
1353 2787 1542 2872 constituti
1562 2779 1822 2900 personaliter,
1852 2786 1975 2876 hono·

338 2904 466 2991 rabilis
487 2917 524 2990 et
539 2901 673 2990 nobilis
691 2901 834 2988 Paulus
849 2901 1054 3006 Presbiter,
1075 2903 1229 2991 Areium
1245 2903 1467 2990 Liberalium
1483 2899 1780 3010 BaocalaureuS,
1801 2918 1839 2990 et
1858 2897 1975 2991 Nino-

339 3020 422 3108 laus
442 3022 577 3107 lratres
598 3021 769 3138 germani
792 3017 841 3104 de
868 3018 1032 3137 Zijrnijlri
1054 3020 1235 3128 heredes,
1268 3021 1481 3109 obtulerunt
1501 3031 1632 3108 oora'm
1652 3023 1762 3108 nobis
1809 3020 1973 3109 uoddam

293 3237 298 3244 ‚
365 3139 594 3258 riuilegium,
626 3138 697 3225 sub
730 3138 832 3252 titulo
860 3152 898 3225 et
918 3138 1042 3254 sigillo
1071 3137 1156 3226 olim
1186 3138 1343 3227 lllustris
1374 3140 1582 3259 Principis,
1613 3139 1753 3227 domini
1829 3138 1975 3228 ladislai

339 3171 595 3345 llanoioiensis
612 3269 650 3343 et
666 3255 937 3343 Dobrzinensis
952 3257 1156 3345 Terrarum
1171 3258 1301 3366 Duois,
1322 3261 1579 3346 antecessoris
1595 3260 1723 3347 nostri:
1740 3257 1975 3378 supplicave-

339 3390 500 3495 runtque
521 3373 642 3479 nobis,
664 3392 848 3494 quatenus
870 3375 925 3463 eis
945 3377 1066 3492 ipsum
1089 3377 1321 3496 privilegium
1342 3405 1529 3462 renovare
1550 3375 1803 3494 dignaremur.
1857 3376 1974 3462 Cuius

341 3493 490 3613 quidem
511 3493 695 3611 privilegii
717 3507 826 3578 tenor
848 3493 895 3578 de
916 3489 1036 3582 verbo
1056 3495 1105 3577 ad
1127 3496 1281 3580 verbum
1303 3494 1471 3610 sequitur
1491 3508 1528 3579 et
1548 3508 1606 3577 est
1628 3494 1727 3578 talis:

444 3613 550 3696 1349.
602 3607 643 3695 ln
676 3611 826 3695 nomine
852 3609 1013 3715 domini,
1049 3639 1171 3698 amen.
1229 3609 1282 3695 Ut
1311 3613 1366 3697 rei
1396 3623 1507 3730 geste
1538 3608 1780 3731 ambiguitate
1812 3608 1976 3729 qualibet

340 3741 496 3831 semota,
517 3726 619 3844 apud
635 3741 833 3844 presentes
853 3739 890 3815 et
905 3729 1006 3845 apud
1027 3742 1206 3847 posteros
1226 3730 1363 3816 noticia
1386 3728 1616 3818 loculeneior
1632 3729 1831 3818 habeatur:
1864 3731 1976 3934 ipptur
2107 3784 2125 3832 3
2260 3773 2273 3800 ο

205 3881 210 3886 ·
339 3845 423 3935 Nos
455 3845 712 3952 Wladislaus,
744 3845 804 3932 dei
826 3849 960 3986 grauia
985 3845 1241 3936 Lanoieiensis
1271 3863 1310 3954 et
1339 3846 1613 3965 Dobrzinensis
1643 3849 1846 3936 Terrarum
1915 3878 1975 3948 ux,

340 3978 467 4052 notum
489 3965 570 4052 lore
592 3966 762 4083 cupimus
783 3967 967 4054 u'nrversis
995 3968 1231 4084 presentibus
1263 3980 1301 4053 et
1321 3969 1504 4084 posteris,
1535 3967 1769 4084 presencium
1800 3967 1976 4054 noticiam

339 4079 539 4170 habituris:
587 4080 704 4195 Quod
724 4082 806 4170 viro
828 4083 992 4173 discreto
1023 4101 1059 4173 et
1080 4085 1240 4174 honesto
1268 4085 1370 4172 militi
1399 4081 1598 4192 Nazironi‚
1632 4099 1669 4170 et
1689 4080 1767 4171 suis
1787 4085 1888 4170 veris
1908 4083 1975 4172 he-

294 4283 300 4290 .
338 4199 494 4289 nedibus
514 4229 564 4286 au
581 4199 769 4320 legittimis
787 4205 1092 4307 successoribus,
1114 4205 1291 4290 maricam
1311 4217 1479 4289 nostram
1501 4203 1623 4288 sillam
1644 4203 1682 4287 in
1703 4201 1822 4288 Terra
1843 4215 1976 4294 nostra

339 4316 601 4422 Dobrz'inensi,
623 4347 708 4402 oum
729 4317 823 4403 silva
845 4319 1113 4407 Gorzechowo
1128 4321 1324 4441 wlgariter
1340 4319 1451 4425 diota,
1473 4321 1709 4407 eoniunotam
1732 4333 1769 4406 et
1789 4343 1975 4408 annexam
2001 4354 2008 4374 ··

341 4438 457 4553 ipsius
488 4433 703 4539 hereditati,
735 4464 808 4554 que
839 4433 1003 4554 Zijrnijki
1032 4438 1171 4557 wlgari
1190 4441 1339 4527 nomine
1360 4438 1590 4544 nominatur,
1621 4438 1799 4526 tredecim
1820 4439 1975 4524 mansos
2078 4490 2084 4504 ι
2162 4471 2168 4486 =

342 4555 554 4644 Culmensis
574 4583 769 4660 mensure,
801 4569 839 4641 et
858 4554 1156 4676 decem-iugera,
1178 4556 1408 4676 quemorgij¹
1430 4557 1627 4678 wlgariter
1654 4558 1906 4660 nominantur,
1937 4556 1974 4641 in
2046 4562 2063 4636 t
2090 4571 2110 4610 ·’

266 4795 268 4802 ’
362 4773 363 4778 ¹
444 4785 485 4871 (¹)
506 4787 553 4853 Ex
567 4795 758 4873 transumpto
773 4789 868 4875 Regis
882 4789 1010 4857 Ioannis
1025 4790 1151 4870 Alberti,
1166 4787 1973 4944 quodlibromouusoriploogplgpoplllpgrpprnpllperpp-

1770 4973 1806 5030 26
