4912 5924
1136 721 1314 796 -324
1369 761 1413 774 -—

560 931 625 1038 „ln
646 925 794 1017 nomine
815 925 973 1027 domini,
1003 952 1125 1011 amen.
1174 923 1488 1040 ild-perpetuam
1511 925 1565 1008 rei
1579 925 1821 1009 memoriam.
1879 923 2092 1038 Quia-tunc

399 1108 403 1117 ·
456 1047 579 1140 multis
599 1045 790 1133 'errorum‘
808 1057 846 1128 et
873 1041 1068 1128 dubiorum
1100 1039 1304 1158 prudenter
1334 1035 1568 1127 occurrimus
1597 1039 1829 1146 incontcdis,
1861 1040 1949 1127 dum
1977 1060 2091 1160 gesta

457 1169 565 1257 etatis
586 1176 716 1251 nostre
736 1162 940 1247 litterarum
961 1159 1142 1277 apicibus
1165 1175 1201 1246 et
1221 1160 1368 1247 testium
1390 1159 1642 1245 annotacicne
1661 1157 1960 1275 perbennamus:
1991 1161 2089 1249 Pro·

456 1284 641 1372 iudanos
671 1275 925 1366 Wladislaus”
957 1289 1028 1364 etc.
1085 1278 1182 1388 (lid,
1207 1282 1442 1390 prebiteqiam
1458 1269 1463 1306 ⁷
1480 1278 1675 1362 Wlodv'stoi
1700 1271 1814 1389 Rapis
1845 1306 1944 1363 mmo
1976 1281 2088 1382 1434,

403 1455 406 1464 2
456 1405 640 1488 Kororini
657 1407 779 1484 dotum
800 1400 869 1486 ΝΓΦ
892 1400 1080 1482 cumr.
1098 1427 1138 1508 p.
1159 1395 1256 1508 312).
1780 1469 1785 1482 ,

557 1515 641 1604 Nos
676 1517 811 1632 itaque.
839 1512 1074 1600 Wladislaus
1108 1512 1248 1598 tercius
1287 1510 1375 1598 Rex
1410 1513 1577 1628 prelatus
1612 1512 1851 1599 revolventes
1885 1513 2089 1620 inanimo,

456 1650 596 1842 puncta
627 1634 797 1750 puritatis
828 1632 1055 1731 allencione,
1091 1630 1257 1746 prelatus
1288 1642 1446 1746 patruus
1479 1633 1612 1716 noster
1642 1631 1880 1736 carissimus,
1916 1628 2090 1720 dominus

325 1787 331 1796 ·
488 1749 726 1872 igismundus
748 1749 834 1834 Dux
853 1747 1021 1867 Magnus
1041 1745 1243 1868 Litwanie,
1274 1746 1534 1865 suppositique
1563 1746 1764 1834 Terrarum
1787 1747 1973 1852 eiusdem,
2004 1778 2089 1864 per·

457 1883 780 1976 sonam-nostram
801 1865 1009 1964 dilexerunt
1029 1865 1271 1982 venenatique
1286 1880 1390 1952 sunt:
1410 1865 1649 1983 attendentes
1670 1867 1929 1984 suprascripta
1949 1865 2108 1971 belena„
2156 1861 2159 1869 ’

455 1989 728 2104 inscripciones
758 1999 796 2070 et
826 1995 1059 2087 contractus,
1090 2012 1160 2099 per
1181 1983 1304 2071 omnia
1324 1983 1421 2069 iu'sta
1442 2004 1530 2070 esse
1551 1996 1588 2068 et
1607 1982 1870 2098 racionabilis,
1890 1986 1987 2102 'ipsa
2006 1997 2090 2070 rata

456 2120 571 2224 atque
612 2117 722 2222 grata
762 2127 832 2218 per
867 2100 991 2188 omnia
1020 2099 1224 2201 babentes,
1260 2098 1311 2188 do
1340 2115 1446 2188 certa
1477 2101 1649 2188 sciencia¹
1675 2115 1826 2206 nostru,
1862 2099 2088 2219 Principum,

456 2223 694 2310 Prelatorum
715 2233 761 2304 et
773 2219 967 2308 baronum
988 2232 1202 2305 nostrorum
1222 2216 1453 2306 accedentes
1468 2219 1551 2330 (sic)
1568 2218 1737 2322 oonsllo,
1758 2220 1794 2304 in
1816 2219 1989 2307 omnibus
2009 2219 2088 2306 suis

455 2340 620 2458 punctis,
642 2337 915 2453 posicionibns‚
936 2333 1237 2440 condicionibus,
1258 2337 1422 2423 articulis
1444 2349 1481 2422 et
1503 2334 1682 2424 clausulis
1703 2335 1952 2442 ratificamus,
1971 2337 2088 2456 grati·

331 2517 336 2524 =
454 2457 625 2561 licamns,
644 2457 870 2542 innovamus
885 2467 923 2540 ot
937 2452 1203 2572 approbamus,
1224 2468 1357 2553 tenore
1370 2455 1605 2572 presencium
1623 2452 1829 2560 mediante,
1841 2454 2089 2544 decernentes

456 2603 503 2660 ea
521 2575 640 2660 robur
661 2573 837 2686 optinere
850 2583 1033 2689 perpetue
1051 2567 1245 2658 firmitatis.
1300 2569 1456 2657 Harum
1473 2571 1684 2659 testimonio
1715 2571 1922 2678 literarum,
1954 2572 2090 2691 quibus

456 2689 617 2808 sigillum
632 2688 837 2776 maiestatis
854 2700 913 2772 est
927 2717 1147 2804 appensum.
1188 2689 1324 2776 Actum
1348 2693 1535 2791 Crocooie,
1556 2690 1647 2776 laria
1668 2690 1906 2806 quintainlra
1927 2705 2087 2776 octavas

455 2805 637 2924 Epilanie.
692 2803 806 2892 Anno
826 2803 963 2890 domini
984 2802 1178 2894 millesimo
1205 2804 1576 2924 quadringentesimo
1596 2807 1897 2939 quadragesimo.
1946 2806 2088 2892 Datum

456 2953 526 3042 per
547 2927 680 3009 manus
700 2920 1002 3040 Magnilloorum:
1025 2919 1210 3009 lobannis
1231 2921 1279 3010 de
1304 2928 1529 3037 Coneczpole
1549 2923 1771 3040 Cancellanj
1793 2939 1830 3012 et
1848 2923 1952 3011 Petri
1970 2909 2089 3011 Vada
2173 2969 2188 3000 ι

456 3041 771 3127 ἀο’8οιο1εοοιιἰιι’
787 3039 1111 3157 vicecancellarij,
1132 3043 1280 3128 sincere
1300 3041 1410 3130 nobis
1430 3040 1660 3130 dilectorum.

1095 3441 1105 3514 3
1157 3373 1393 3566 cuttxxt.

642 3643 869 3780 maone,
896 3659 1054 3728 anno
1079 3639 1224 3724 1441
1253 3644 1304 3726 a.
1332 3639 1415 3726 ao
1442 3645 1643 3726 menso
1670 3645 1909 3752 nopmrc
2030 3673 2033 3680 ·

476 3840 790 3934 wraunraus
803 3841 904 3912 ιιι.
918 3841 986 3916 nx
999 3843 1171 3936 augme
1185 3847 1219 3918 a
1232 3844 1377 3936 intono
1393 3797 1770 3942 menecratum
1786 3847 1822 3917 c
1835 3843 1952 3938 epm
1966 3845 2084 3914 cmm,

389 4063 391 4068 ,
511 3943 608 4030 atauo
622 3941 707 4016 vltttr
721 3941 957 4035 pnrttnmtttur,
975 3943 1075 4018 ttotriti
1088 3946 1370 4119 trrmccoupprffl
1378 3944 1522 4132 ipprittt
1536 3945 1666 4036 omnia
1679 3945 1711 4020 in
1725 3964 1761 4020 ro
1775 3945 1886 4022 nanta
1901 3946 1970 4039 eju
1985 3945 2032 4018 uto

558 4260 791 4351 Wladislaus
812 4265 873 4352 dei
894 4255 1026 4386 gracia
1047 4250 1262 4386 Hungarie,
1283 4267 1459 4374 Polonie,
1481 4247 1692 4376 Dalmacie,
1715 4270 1876 4382 Croacie
1898 4283 1969 4356 etc.
1989 4265 2088 4373 Rex,

455 4373 746 4514 Litbwanieque·
770 4380 956 4517 Pripoeps
987 4383 1041 4472 Su
1071 4416 1222 4502 promus
1253 4401 1325 4474 eto.
1382 4385 1649 4521 Signilioamus
1675 4401 1812 4521 ,tenore
1842 4385 2089 4522 presencium,
2193 4418 2195 4422 ’

456 4493 590 4611 qurbus
611 4496 762 4613 expedit
782 4529 986 4588 vruuersrs:
1028 4416 1145 4614 &uod
1166 4533 1238 4593 nos
1258 4518 1504 4592 recensentes
1529 4502 1742 4621 multiplicia
1763 4517 1913 4609 menta,
1945 4516 1982 4589 et
1991 4499 2089 4626 ¹luder

557 4743 599 4827 (¹)
627 4744 854 4842 Erarobotypo
869 4749 1103 4816 mambranaceo
1116 4752 1354 4820 invenenant
1368 4751 1519 4818 tabulam
1533 4754 1655 4839 publico
1676 4754 1773 4839 Regni
1794 4753 1941 4837 Potoniae
1958 4753 2011 4820 N'0
2025 4747 2088 4819 380

457 4835 619 4893 asservato.
656 4827 793 4912 Sigillum
808 4829 891 4914 quod
909 4831 1099 4902 desideratur
1113 4854 1280 4922 appensum
1295 4844 1362 4904 arat
1375 4837 1506 4905 bociola
1521 4857 1715 4946 pergamena
1749 4836 1865 4904 Tabula
1880 4837 2025 4922 praecim-
