4918 5926
989 685 993 694 ’
1090 769 1139 812 -,
1194 729 1265 804 ree
1320 767 1366 782 -

147 1037 155 1043 ,
411 936 464 1024 ob
479 933 978 1022 remesinumnnostrorum
988 932 1247 1047 peccaminum
1263 929 1645 1018 absoluimusomnes
1660 928 1833 1021 homines
1847 935 1882 1020 in
1892 937 2047 1052 prelatis

324 1043 338 1137 l
412 1053 507 1140 villis
528 1064 825 1153 commorantes,
856 1049 1110 1166 ascriptieios,
1141 1047 1300 1154 liberos,
1328 1078 1382 1136 ae
1406 1049 1579 1166 mourijs
1607 1052 1977 1142 eorum'beruieutes
1997 1055 2070 1162 ab⁴

177 1203 180 1210 ’
245 1173 247 1178 ’
300 1220 313 1278 t
411 1170 514 1272 omui
544 1171 623 1256 iure
653 1167 882 1272 P'o'lonioab',
914 1182 952 1254 et
977 1167 1264 1254 acolleecione
1294 1197 1366 1286 que
1382 1174 1588 1281 powoloue
1615 1166 1759 1255 dicitur.
1814 1172 2047 1260 Gontulimus

310 1299 315 1328 ²
385 1311 388 1318 ·
413 1289 532 1374 eciam
547 1285 722 1372 lratribus
739 1285 940 1402 sepedictis
956 1314 1094 1403 aquam
1111 1285 1285 1372 Wartam
1301 1315 1384 1371 cum
1401 1286 1530 1372 riuulis
1546 1285 1818 1402 adiacentibus
1842 1293 2048 1378 aterminis

413 1410 558 1516 antiqui
576 1411 827 1521 australesque
847 1405 885 1492 io
905 1407 1072 1490 Draceim
1086 1409 1274 1518 Epeicopi,
1294 1418 1333 1490 et
1347 1405 1389 1489 in
1400 1403 1479 1491 alia·
1489 1420 1596 1521 parte
1608 1435 1735 1523 usque
1748 1405 1785 1494 in
1804 1406 2048 1520 Coppoynl⁴)

412 1554 498 1612 eum
518 1523 732 1612 utilitatibus
760 1537 797 1638 et
817 1522 1097 1640 piscacionibus
1124 1538 1163 1610 et
1181 1522 1396 1610 custoribus
1417 1524 1504 1625 iurex
1518 1522 1742 1612 hereditario
1762 1524 2047 1640 possidendam.

411 1642 571 1758 Insuper
599 1640 774 1728 addimus
801 1640 970 1759 predicte
1001 1639 1129 1729 domui
1158 1639 1207 1726 de
1236 1642 1368 1760 gracia
1395 1640 1574 1759 speciali,
1610 1640 1714 1759 quod
1744 1643 1866 1730 nullus
1897 1645 2048 1732 omnino

412 1761 602 1864 hominum
625 1757 832 1880 predictum
853 1759 1041 1847 Abbetcm
1060 1761 1245 1846 incausis
1267 1759 1511 1864 hereditariis,
1532 1775 1597 1848 aut
1610 1760 1775 1848 rusticos
1791 1791 1858 1848 seu
1875 1763 2047 1878 ascripti·

411 1880 495 1966 cios
526 1907 620 1965 suos
641 1877 808 1965 iudicare
827 1884 1039 1996 presumat,
1073 1879 1169 1966 sicut
1187 1875 1443 1996 in‘priuilegio
1464 1879 1638 1996 superius
1657 1893 1719 1965 est
1738 1907 1982 1997 expressum,
2014 1895 2051 1966 et

412 2027 498 2084 cum
521 1997 596 2083 boc
616 2027 748 2084 omnes
770 1995 1006 2102 hereditates,
1029 2015 1126 2116 quas
1140 2026 1240 2106 nupc
1256 1997 1353 2082 iuste
1367 1995 1574 2112 possident,
1595 1997 1831 2113 presentibus
1848 1998 2049 2087 confirma·
2166 2067 2170 2078 .

292 2165 298 2176 ι
393 2145 509 2201 mus.
559 2114 748 2203 Volumus
767 2117 909 2220 eciam,
940 2113 1327 2248 quod'nullus··ipsum
1348 2113 1537 2202 'Abbalem
1558 2129 1595 2221 pt
1614 2116 1751 2201 fratres
1771 2117 1808 2202 in
1825 2117 2048 2218 senecione,

278 2233 283 2256 ''
415 2265 489 2352 que
514 2239 636 2319 clodo
665 2233 860 2352 vulgariter
889 2231 1041 2338 dicutur,
1076 2230 1257 2350 impedire
1287 2239 1491 2349 presumat.
1542 2231 1594 2319 Ut
1622 2249 1746 2320 autem
1776 2232 1851 2321 boc
1880 2249 2049 2328 nostrum

312 2349 326 2403 ”
415 2352 553 2437 lactum
583 2351 618 2436 in
639 2349 821 2438 bonorem
853 2349 914 2437 dei
934 2365 1141 2467 sancteque
1171 2351 1364 2466 genitricis
1394 2349 1562 2438 eiusdem
1590 2357 1710 2438 ratum
1737 2364 1775 2438 et
1794 2348 2051 2440 inuiolabiliter

415 2468 649 2573 obseru'etur,
670 2483 884 2585 presentem
905 2469 1085 2586 paginam
1105 2469 1217 2586 sigilli
1237 2470 1356 2558 nostri
1376 2471 1574 2560 munimine
1595 2467 1767 2578 duximus
1783 2469 2048 2562 roborandam.

413 2589 552 2675 Actum
572 2602 613 2672 et
630 2585 757 2672 datum
777 2587 880 2704 apud
901 2585 1134 2673 Poznooiam
1155 2589 1190 2672 in
1212 2585 1273 2672 die
1294 2587 1392 2674 beati
1412 2587 1550 2676 dacobi
1570 2586 1760 2705 Apostoli,
1790 2618 1891 2675 enno
1911 2587 2051 2673 domini

415 2703 472 2790 Μο
506 2703 625 2790 CCC⁰
654 2705 834 2791 vicesimo
872 2719 1017 2822 quarto.
1045 2735 1047 2744 ¹
1074 2705 1323 2794 Presentibus
1359 2705 1429 2822 hijs
1466 2705 1651 2792 nobilibus
1687 2707 1845 2793 nostris:
1881 2703 2048 2792 Mertino

297 2859 307 2868 ·
414 2821 607 2927 Palatino,
640 2813 820 2910 Slauenta
841 2819 1058 2914 Castellano
1079 2819 1372 2932 Kalisieosibus,
1403 2823 1520 2912 Petro
1545 2821 1760 2912 Castellano
1781 2821 2047 2928 Poznaniensi,

303 2949 307 2955 ’
416 2939 610 3028 Clemente
639 2939 812 3029 Palatino
834 2939 1075 3058 Syradiensi,
1106 2941 1300 3056 Woyslao'
1317 2940 1452 3030 lodice
1472 2942 1745 3046 Poznaniensi,
1775 2939 1925 3030 lacobo
1948 2940 2049 3039 dicto

415 3055 694 3178 Drogoslauicz
714 3057 850 3148 lodice
871 3057 1082 3168 Kalisiensi,
1105 3075 1143 3147 et
1162 3059 1245 3177 alijs
1266 3059 1386 3148 multis
1408 3059 1481 3148 fide
1502 3059 1639 3180 dignis.
1669 3058 1808 3150 Datum
1830 3090 1899 3178 per
1915 3088 2049 3146 manus

415 3175 522 3264 Petri
545 3176 727 3264 Canonioi
749 3177 1016 3267 Cracouiensis
1037 3193 1074 3266 et
1093 3177 1404 3296 Vieecancellarij
1429 3179 1531 3289 curie
1552 3193 1693 3266 nostre.

520 3391 553 3478 (⁴)
582 3393 630 3460 De
644 3394 772 3480 Antiqui
787 3392 875 3460 castri
892 3401 923 3459 et
937 3393 1060 3474 Dracini
1075 3393 1136 3460 situ
1150 3391 1230 3462 nulle
1246 3391 1318 3459 mibi
1331 3403 1377 3460 est
1386 3395 1525 3480 suspicio.
1547 3393 1685 3482 Kopojno
1701 3393 1768 3460 villo
1784 3401 1830 3460 est
1846 3391 2049 3480 Zegdron‘en-

417 3475 457 3576 sis
473 3477 645 3564 parochiae,
660 3477 858 3566 ejusdemque
874 3477 1054 3546 Goninensis
1068 3477 1211 3558 territorii
1227 3487 1258 3546 et
1272 3479 1414 3565 regioms
2004 3497 2007 3502 ·
2032 3501 2034 3513 ·

1056 3821 1058 3826 ,
1155 3695 1311 3811 ovnn

645 3915 778 4005 Sine
803 3915 947 4011 loeo,
975 3933 1131 4006 anno
1157 3911 1300 4000 1:322
1326 3871 1525 4002 menois
1556 3905 1828 4006 cornaria.
1910 3899 1932 3918 ⁸

260 4067 266 4072 ’
416 4150 420 4160 ,
450 4045 814 4172 Vmcentlusde
829 4083 1126 4180 sanctorem,
1139 4082 1273 4156 nolim
1286 4081 1630 4176 procurrendum
1644 4100 1723 4158 suae
1745 4077 2019 4164 truttmntouuni

858 4184 899 4260 to
913 4185 1057 4268 aaaron,
1071 4201 1188 4274 genno
1205 4201 1273 4272 ouo,
1287 4201 1344 4275 pro
1359 4184 1436 4260 oon
1450 4183 1549 4265 donat
1564 4187 1572 4269 t
1586 4185 1615 4272 ¹).

520 4373 564 4460 ln
586 4375 734 4462 nomine
754 4373 893 4464 domini
912 4405 1033 4464 amen.
1070 4375 1165 4462 Cum
1180 4375 1478 4496 resignaoiones,
1499 4375 1744 4480 donaciones,
1766 4386 2048 4478 etoontraotus,

419 4495 591 4616 vigorem
613 4522 690 4588 non
712 4492 862 4582 ualeant
882 4493 1060 4594 obtinere,
1081 4495 1150 4584 nisi
1172 4493 1375 4582 litterarum
1397 4495 1625 4598 testimonio,
1651 4505 1689 4582 et
1709 4491 1893 4610 solempni
1913 4488 2052 4578 conlir·

473 4733 475 4740 '
522 4710 557 4794 (¹)
585 4711 634 4776 Ex
645 4709 812 4796 archetypo
827 4663 1070 4785 membranaceo,
1083 4711 1169 4796 quod
1184 4711 1218 4777 ln
1226 4709 1379 4777 tabulario
1392 4665 1607 4776 l’osnaoioosis
1618 4667 1801 4792 provinciae,
1817 4709 1971 4794 privilegia
1982 4675 2053 4774 sirb-

420 4797 552 4864 latorum
567 4796 784 4867 caenobiorum
800 4797 991 4872 continente,
1006 4801 1189 4873 asservatur,
1210 4795 1368 4879 descripsit
1381 4793 1504 4860 doctiss
1520 4793 1743 4881 strouayusti.
1771 4793 1910 4879 sipha
1925 4812 2053 4880 paruum

420 4877 555 4946 funiculo
570 4879 667 4946 serico
682 4880 784 4946 uiridis
798 4880 909 4946 coloris
923 4899 1102 4966 appensum.
1130 4879 1255 4964 Effigies
1270 4879 1356 4963 sigilli
1372 4879 1492 4966 penitus
1508 4877 1616 4944 deleta.
