4934 5940
1100 800 1348 870 ...5-

411 997 536 1115 Hujus
565 1000 690 1117 itaque
722 1011 796 1083 tam
829 1012 962 1102 sancte
998 975 1272 1114 negociationis
1300 1030 1451 1106 amore,
1487 1030 1564 1118 ego
1592 1000 1727 1087 Zbilud
1759 973 1921 1110 Pblonie
1942 992 2034 1096 ciuis

413 1117 800 1234 superna‘inspirante
816 1117 938 1234 gratia
952 1116 1164 1201 medullitus
1181 1119 1394 1234 ignescens,
1416 1117 1592 1205 decorem
1616 1118 1749 1206 domus
1771 1120 1830 1206 dei
1854 1140 1890 1210 et
1910 1123 2034 1214 locum
2063 1170 2074 1188 ·
2141 1162 2148 1176 ⁴

411 1235 648 1322 habitationis
675 1233 799 1344 glorie
827 1264 896 1338 sue
924 1231 1103 1347 diligens,
1134 1235 1315 1352 simulque
1341 1235 1375 1318 in
1400 1235 1494 1321 libro
1514 1237 1589 1340 vile
1610 1265 1695 1320 cum
1711 1239 1822 1353 justis
1844 1244 2032 1361 conscribj

411 1353 588 1467 cupiens,
618 1353 825 1466 patrimonij
858 1351 927 1462 mei
931 1350 1057 1454 liberi
1087 1352 1323 1465 porcionem,
1354 1352 1461 1446 villas
1482 1354 1626 1439 scilicet
1646 1353 1732 1440 has:
1762 1363 1926 1468 Erplzlco
1948 1389 2033 1446 curu
2090 1370 2118 1403 ²

400 1467 495 1554 -lacu
524 1469 693 1581 integro,
725 1463 954 1567 Ztrossoioo,
988 1474 1252 1578 Popenprozc,
1285 1485 1322 1554 ct
1342 1469 1377 1554 in
1397 1467 2072 1582 totnadtlomnreumatnnff
2179 1505 2212 1518 0*

295 1589 297 1592 ’
408 1587 572 1673 omnium
604 1587 788 1672 bonorum
820 1573 986 1698 largitori
1019 1583 1109 1687 deo,
1145 1585 1194 1669 ad
1225 1575 1385 1699 gloriam
1416 1599 1453 1669 et
1483 1586 1647 1690 laudem,
1680 1589 1832 1706 eiusque
1862 1593 2032 1708 genitrici

410 1717 447 1787 et
474 1716 608 1789 sancto
639 1703 755 1787 Petro
783 1701 832 1785 ad
859 1702 1057 1802 honorem,
1089 1731 1173 1785 cum
1194 1703 1319 1808 intime
1341 1702 1551 1788 devotionis
1577 1704 1777 1790 humilitate
1805 1709 2031 1814 contradidi,

409 1836 446 1905 et
466 1818 610 1904 exinde
624 1821 659 1903 in
682 1849 753 1904 una
776 1820 1074 1933 conscrjptarum
1102 1819 1290 1922 villarum,
1321 1817 1455 1904 liolcne
1481 1820 1674 1926 videlicet,
1706 1822 1929 1910 domicilium
1957 1826 2030 1914 deo

407 1935 505 2038 lieri,
537 1937 674 2038 dolari,
706 1936 867 2021 investiri
889 1966 974 2020 cum
996 1931 1122 2023 devoti
1144 1935 1318 2052 desiderij
1342 1938 1499 2052 puritate
1515 1939 1665 2055 instituj.
1706 1939 1786 2025 Pro
1806 1944 1912 2028 cuius
1934 1973 2030 2060 ergo

325 2055 331 2064 '
406 2053 578 2170 domicilij
611 2053 821 2170 spiritaliter
851 2052 1086 2167 disponenda
1116 2055 1417 2168 gubernacione,
1449 2085 1519 2169 pro
1547 2056 1797 2142 continuanda
1827 2059 1876 2143 ibi
1906 2060 2031 2166 divine

364 2176 367 2184 ’
406 2172 592 2256 servitutis
614 2171 948 2272 adrninistracione,
970 2199 1040 2285 pro
1061 2173 1262 2255 statuenda
1284 2173 1391 2256 etiam
1414 2171 1548 2258 ibidem
1569 2173 1754 2290 regularis
1769 2203 1818 2259 ac
1833 2168 2029 2291 spiritulilis

393 2288 488 2400 ‘lsicl
520 2286 714 2401 discipline
739 2287 940 2402 religione,
972 2289 1075 2373 viros
1106 2287 1290 2402 quosdam
1321 2287 1527 2401 spiritales,
1558 2319 1745 2403 personas
1775 2292 2029 2398 venerabiles,

405 2416 574 2489 mortuos
605 2403 745 2488 mundo
775 2405 944 2491 viventes
978 2401 1144 2504 Christo,
1187 2405 1382 2489 cenobitas
1413 2435 1455 2489 re
1486 2421 1522 2489 et
1551 2407 1676 2490 habitu
1709 2422 1745 2490 et
1774 2410 2028 2522 professione,

403 2521 536 2636 plenos
558 2519 617 2604 dei
639 2550 686 2604 oc
707 2521 864 2634 proximi
885 2518 1101 2620 dilectione,
1126 2535 1236 2633 prout
1256 2521 1374 2632 potui,
1395 2537 1612 2607 reverenter
1632 2521 1838 2626 advocavi,
1858 2525 2029 2639 suscepi,

403 2636 531 2738 dilexi,
554 2637 685 2719 locavi.
729 2635 878 2747 Quibus
899 2636 934 2717 in
957 2633 1091 2718 eodem
1112 2634 1210 2738 loco,
1235 2641 1367 2719 Lolno
1387 2637 1539 2739 scilicet,
1561 2638 1772 2750 spirituliter
1792 2638 2028 2754 degentibus,

403 2753 509 2860 villas
530 2751 761 2869 pretitulatas
783 2749 1222 2836 cum-redilibesearum
1237 2753 1431 2856 universis,
1452 2755 1487 2837 in
1505 2783 1611 2838 usum
1634 2753 1868 2858 liberrimum,
1893 2773 2028 2842 extunc
2057 2846 2059 2858 Α
2140 2821 2200 2848 Ἥ,

402 2887 440 2958 et
455 2874 489 2956 in
507 2885 738 2986 perpetuum,
757 2868 1108 2986 quasipauperibus
1126 2867 1262 2953 Christi
1280 2863 1425 2984 pauper
1439 2873 1532 2986 ipse,
1549 2873 1630 2956 sine
1646 2871 1717 2956 ulla
1733 2873 2027 2960 contradictione

402 2987 587 3100 delegavi.
641 2985 887 3102 Quapropter
906 2985 1015 3069 huius
1042 2987 1114 3069 mei
1135 2985 1259 3070 devoti
1280 2988 1390 3103 studij
1412 2988 1548 3074 lactive
1560 2993 1852 3094 testamentum,
1884 3021 1932 3074 ne
1953 2990 2025 3076 ulla
2081 3035 2095 3066 ›

402 3135 563 3221 unquam
595 3107 766 3218 superior
797 3133 864 3190 seu
895 3103 1045 3188 inlerior
1065 3131 1230 3217 persona
1244 3097 1368 3218 'prava
1392 3105 1663 3192 machinatione
1689 3104 1828 3192 ducere
1850 3109 1969 3222 possit
1989 3109 2024 3194 in

401 3223 560 3324 irritum,
593 3221 661 3306 sed
683 3236 722 3306 ut
744 3225 927 3336 integrum
959 3232 996 3302 el
1026 3220 1283 3308 inconvulsum
1315 3237 1464 3306 maneat
1493 3224 1528 3307 in
1558 3236 1799 3338 perpetuum,
1836 3225 2025 3310 dominum
2099 3279 2104 3284 -

399 3339 608 3424 lohannem
631 3353 762 3443 sancte
786 3337 1023 3423 Gneznensis
1045 3337 1208 3443 ecclesie
1230 3328 1553 3454 Archipresuleni,
1582 3339 1770 3426 dominum
1792 3342 2024 3457 Stephanum
2164 3365 2169 3374 ·

285 3557 290 3567 ¹
399 3454 660 3543 Poznanensis
695 3455 857 3560 ecclesie
893 3454 1122 3559 Antistium,
1165 3454 1352 3540 dominum
1381 3453 1617 3540 lllesikonem
1646 3457 1812 3560 Ducem,
1853 3457 2023 3576 aliasque

398 3571 644 3688 perplurimas
685 3601 871 3689 personas
913 3570 1090 3656 sublimes
1130 3577 1180 3655 ac‘
1218 3571 1373 3656 humiles
1409 3574 1642 3687 convocavj3
1682 3571 1744 3656 ubi
1780 3574 1828 3658 ab
1864 3586 2024 3689 utroque
2099 3617 2104 3633 =

397 3687 615 3804 Episcopo,
656 3717 784 3773 coram
813 3692 961 3774 astante
993 3685 1240 3790 multitudine,
1281 3687 1352 3773 sub
1382 3691 1552 3804 perpetui
1587 3683 1831 3775 anathematis
1868 3691 2022 3776 obtentu
2096 3721 2112 3745 ⁸

398 3805 632 3922 confirmari,
666 3807 766 3892 votis
796 3806 958 3892 omnium
988 3805 1098 3889 michi
1129 3803 1455 3923 congaudenciurn
1485 3808 1696 3927 impetravj:
1737 3819 1777 3891 ut
1807 3807 1840 3893 si
1870 3808 1952 3922 quis
1984 3809 2021 3894 in

395 4072 485 4160 plane
500 4071 636 4147 evanuit,
659 4070 736 4136 lucie
751 4050 876 4138 adversa
897 4071 1033 4162 internae
1054 4071 1130 4158 parti
1152 4073 1274 4137 tabulae
1294 4075 1333 4138 ab
1355 4074 1416 4138 imo
1438 4073 1630 4138 dextrorsum
1653 4073 1693 4136 ito
1717 4071 1879 4169 impressa,
1904 4071 2020 4155 atejus

396 4175 500 4222 avemo
523 4156 614 4220 lactes
636 4176 690 4240 per
712 4156 848 4222 foramen
871 4157 1035 4221 rotundum
1054 4177 1091 4242 ex
1107 4165 1190 4238 porte
1206 4158 1297 4222 altura
1314 4178 1444 4242 superne
1460 4158 1610 4230 eminens,
1633 4154 2018 4243 conspiciaturf-Tohula

394 4239 470 4306 baec
479 4241 542 4324 jam
559 4242 634 4324 typis
649 4240 797 4324 descripto
813 4239 872 4304 lull
885 4240 915 4304 in
931 4239 1128 4305 Damalevicii
1149 4240 1254 4316 „Serio
1272 4242 1575 4324 Archiepiscoporum
1592 4239 1831 4304 Gnosneneium”
1847 4239 2019 4322 (versutae
2056 4247 2062 4270 ¹

397 4323 480 4389 roeo
496 4345 523 4406 p.
543 4325 610 4388 tot.
625 4324 727 4408 seqql,
746 4325 786 4387 ito
801 4333 912 4401 tamem
927 4331 962 4389 ut
976 4332 1008 4389 et
1022 4326 1145 4390 nomina
1161 4327 1283 4390 testium
1299 4326 1329 4389 iu
1345 4325 1404 4390 hue
1419 4327 1531 4390 omisso
1547 4325 1615 4398 siut,
1631 4331 1662 4388 et
1676 4323 1707 4388 iu
1722 4325 1927 4409 descriptione
1943 4323 2024 4398 sides,

396 4407 803 4494 diplomaticadesideretur.
948 4475 952 4484 ,
2105 4485 2112 4494 ,

332 4568 336 4578 1
494 4491 535 4574 (²)
562 4491 712 4578 Rpielclro,
727 4492 795 4557 villa
810 4498 857 4558 est
870 4491 1021 4558 adlacum
1038 4493 1174 4578 ejusdem
1190 4491 1320 4557 nominis
1336 4492 1412 4565 situ,
1433 4491 1462 4554 iu
1478 4490 1631 4556 territorio
1647 4489 1871 4574 Bydgostiensi,
1894 4489 2018 4572 regione

394 4573 642 4658 Wegroricensi.
669 4575 810 4659 parochia
832 4577 1045 4653 Tarnorieusi,
1071 4579 1150 4642 inter
1170 4576 1271 4640 Lelrno
1294 4582 1324 4638 et
1347 4576 1535 4657 qurowree.
1578 4574 1744 4638 Stroszewo
1767 4595 1826 4638 non
1850 4572 1953 4653 procul
1977 4573 2044 4646 ab=

307 4664 317 4684 '
394 4677 432 4722 eo
447 4659 561 4755 oppido
575 4659 684 4734 distet,
710 4659 792 4744 quod
809 4669 964 4742 postremo
981 4661 1217 4732 nominationum
1240 4658 1305 4743 ejus
1321 4658 1482 4739 parochiae
1498 4659 1716 4723 adnumeretur
1737 4666 1768 4721 et
1790 4656 1901 4722 molam
1924 4657 2016 4721 hahet

393 4759 559 4824 aquariam.
598 4743 789 4827 Pam'prodz‚
812 4745 924 4809 ibidem
947 4745 1125 4828 paroehialis
1140 4745 1207 4809 villo
1223 4753 1278 4806 est
1317 4743 1417 4806 Lelmo
1432 4752 1533 4807 autem
1550 4751 1580 4806 et
1594 4742 1659 4807 villo
1676 4749 1722 4805 est
1736 4749 1768 4806 et
1781 4739 1927 4824 oppidum
1950 4739 2015 4822 (ubi

394 4823 574 4907 parochialis
596 4825 745 4906 ecclesia),
766 4827 804 4891 ad
821 4828 918 4892 lacum
935 4828 1000 4913 ejus
1015 4829 1155 4895 nominis.
1195 4826 1307 4893 Omnia
1323 4826 1397 4894 haec
1411 4826 1477 4893 loca
1493 4845 1573 4892 nunc
1594 4825 1774 4890 Berusoicee
1796 4832 1867 4890 suut
1881 4823 2017 4900 ditionis,

394 4906 561 4991 etquidem
576 4908 607 4973 in
622 4910 744 4975 Ducotu
756 4912 964 4978 Poaueniensi.
