4778 5952
984 735 1261 816 ..231-

301 973 373 1063 pro
394 956 542 1030 centum
564 941 833 1060 quinquaginta
855 943 992 1028 marcis
1013 969 1239 1076 grossorum
1260 937 1515 1058 pragensium,
1545 941 1687 1027 numeri
1708 943 1940 1059 polonicelis,
2064 927 2070 940 “

302 1060 553 1180 quadraginta
590 1073 679 1147 octo
716 1088 881 1146 maroam
912 1059 1155 1166 laciencrum,
1183 1057 1433 1166 ‘vendidimus
1468 1068 1506 1142 et
1536 1072 1676 1145 tenore
1702 1064 1949 1177 presencium·

301 1179 507 1280 vendimus,
521 1193 715 1296 perpetuo,
739 1207 822 1266 urm
844 1179 944 1264 omni
958 1179 1063 1294 jure,
1085 1177 1261 1281 dominio,
1282 1193 1393 1294 prout
1413 1175 1483 1263 soli
1504 1177 1706 1284 tenuimus,
1736 1194 1825 1295 post
1843 1182 1939 1268 resi-

300 1299 527 1417 gnacionem
547 1293 786 1384 Lusozlrouis
807 1294 971 1382 condem
993 1294 1170 1382 aduocati
1192 1295 1352 1382 civitatis
1365 1294 1609 1413 .supradiote;
1640 1296 1881 1416 assignantes
1901 1313 1941 1386 et
2067 1327 2072 1340 ·

299 1415 591 1534 appropriantes
612 1413 966 1501 eidem-aduocacie
988 1412 1157 1502 redditus
1179 1413 1448 1530 infrascriptos,
1469 1413 1659 1500 videlicet:
1692 1443 1762 1500 sex
1783 1442 1939 1504 mansos

300 1535 461 1630 liberos,
494 1548 656 1652 quatuor
686 1535 723 1619 in
751 1533 856 1652 agris
883 1533 1016 1637 cultis,
1052 1547 1090 1617 et
1119 1531 1219 1620 duos
1246 1534 1281 1618 in
1303 1532 1418 1642 silua,
1450 1527 1665 1618 molendina
1695 1546 1733 1618 et
1761 1531 1937 1650 piscinas,

300 1645 523 1770 quocunqne
543 1651 638 1738 intre
658 1651 791 1738 tinnites
812 1651 980 1768 ejusdem
1003 1650 1161 1738 civitatis
1192 1651 1228 1738 in
1249 1649 1364 1738 lluvin
1386 1649 1487 1736 dioto
1518 1655 1685 1736 Vt'sslolco
1715 1666 1937 1739 construere

299 1771 456 1887 poterit,
487 1769 662 1856 balneum
691 1768 866 1872 liberunt,
901 1797 1077 1856 cameras
1108 1797 1339 1886 pannorum,
1376 1797 1530 1854 mensas
1561 1797 1720 1885 panum,
1758 1770 1937 1874 sutorum,

298 1889 500 1992 fabrorum,
521 1917 593 1974 nec
614 1918 690 1975 nou
712 1887 868 1974 macella
890 1889 1069 1992 carnium,
1090 1916 1162 1974 neo
1177 1912 1252 1974 non
1265 1889 1414 1974 sextum
1431 1885 1623 1972 denarium
1640 1915 1791 1994 census,
1813 1902 1851 1976 et
1865 1904 1937 1976 ter·

299 2005 462 2094 ciumde
474 2005 645 2124 qualibet
658 2036 701 2092 re
710 2006 891 2122 judicata,
914 2007 1054 2091 curiam
1069 2035 1139 2093 seu
1155 2004 1278 2093 locum
1295 2006 1331 2090 in
1348 2035 1423 2124 quo
1439 2033 1606 2121 peccora
1621 2019 1842 2113 mactantur,
1863 2037 1936 2124 que

298 2127 335 2212 in
355 2123 588 2212 Tlreutonico
612 2124 1028 2236 Catelloffnominatur,
1060 2137 1097 2212 et
1117 2139 1222 2210 ortos
1244 2136 1430 2241 quotquot
1448 2123 1486 2208 in
1506 2123 1586 2210 suis
1608 2124 1700 2212 ortis
1722 2123 1815 2234 (sic).
1848 2124 1936 2240 Que

298 2243 422 2330 omnia
443 2256 481 2329 et
502 2242 652 2361 singula
673 2243 775 2336 titulo
796 2242 1005 2328 aduocacie
1025 2240 1075 2328 ad
1096 2243 1171 2330 iam
1192 2241 1314 2329 dictos
1335 2241 1516 2330 scultetos
1533 2255 1714 2328 eteorum
1731 2242 1937 2361 legittimus

257 2439 259 2444 .
298 2389 559 2465 successores,
574 2362 661 2478 jure
681 2359 909 2448 hereditario
931 2359 1123 2476 perpetuis
1144 2361 1374 2476 temporibus
1394 2359 1579 2445 voluimus
1600 2359 1798 2474 pertinere.
1824 2360 1935 2448 Licc-

297 2480 424 2595 bitque
445 2476 603 2566 dominis
625 2476 823 2566 aduocatis
840 2494 877 2566 et
896 2507 1026 2570 eorum
1047 2479 1222 2593 posteris,
1244 2476 1403 2564 eandem
1422 2475 1670 2562 aduocaoiam
1692 2506 1776 2564 cunr
1799 2478 1932 2565 utilitu-

297 2597 395 2684 tibus
415 2595 642 2712 supradietis
662 2595 849 2701 vendere,
878 2609 1110 2682 commutare
1130 2609 1168 2682 et
1186 2595 1236 2680 ed
1259 2595 1423 2711 ipsorum
1449 2610 1672 2682 conuertere
1693 2595 1933 2704 voluntatem,

297 2730 429 2802 nostro
451 2729 575 2800 tamen
596 2713 645 2798 de
660 2743 852 2801 consensu
867 2715 989 2831 regio.
1021 2711 1242 2832 Damusque
1263 2712 1373 2798 dictis
1393 2710 1591 2800 aduocatis
1612 2711 1762 2799 locandi
1785 2729 1934 2802 centum

296 2861 454 2934 mansos
492 2829 553 2918 uel
573 2832 700 2947 plures
721 2834 757 2918 iu
780 2832 905 2934 siluis,
929 2829 1112 2918 ¹videlicet
1132 2833 1170 2918 in
1189 2831 1283 2918 silua
1306 2828 1431 2918 eundo
1451 2859 1588 2918 versus
1608 2830 1740 2918 siluam
1761 2838 1931 2942 Borztjn,

297 2981 367 3066 per
393 2932 551 3036 lluvium
576 2948 716 3035 dictum
750 2954 1044 3063 tlepottmjczo,
1077 2950 1114 3036 in
1134 2947 1374 3036 siluaeundo
1395 2947 1443 3035 de
1464 2948 1550 3050 villa
1571 2946 1670 3035 dicta
1699 2956 1934 3038 Roselonsleo
2002 2945 2005 2952 ’

146 3141 152 3148 .
174 3097 178 3103 ·
298 3077 420 3180 nolyo.
461 3065 722 3154 Reseruamus
744 3082 867 3155 tamen
889 3066 1024 3154 dictam
1045 3067 1169 3154 villam
1190 3067 1392 3184 pronubis
1413 3082 1450 3154 et
1470 3066 1760 3154 successoribus
1781 3071 1933 3156 nostris.

296 3182 573 3272 llmetbonibus
594 3199 718 3272 autern
740 3187 776 3276 iu
799 3185 906 3272 dictis
928 3185 1030 3273 siluis
1052 3182 1244 3287 locandis,
1274 3183 1408 3271 adata
1430 3184 1667 3301 presencium
1687 3187 1781 3272 iutra
1802 3187 1933 3304 viginti

296 3333 431 3410 annos,
458 3301 606 3420 plenam
627 3317 667 3388 et
687 3300 938 3391 omnimodam
959 3302 1202 3394 concedimus
1222 3302 1441 3408 libertatem3
1465 3333 1539 3420 qua
1561 3303 1740 3419 expirata,
1765 3303 1931 3392 lrtnetbo-

297 3451 456 3538 uesper
478 3437 565 3508 octo
586 3435 718 3508 scotos
741 3421 788 3508 de
811 3421 975 3541 quolibet
997 3451 1128 3508 manso
1150 3451 1387 3541 grossorum,
1416 3421 1523 3506 sicuti
1545 3437 1582 3509 ct
1602 3421 1706 3508 ciues
1727 3439 1931 3510 memorate

295 3540 455 3626 civitatis
476 3540 632 3656 singulis
653 3541 761 3625 annis
781 3541 818 3626 in
838 3541 936 3627 lesto
958 3538 1056 3624 beati
1086 3538 1255 3640 lllartini,
1291 3539 1400 3653 nobis
1423 3551 1460 3624 et
1480 3539 1618 3625 nostris
1639 3540 1930 3626 successoribus

242 3705 253 3728 ι
295 3656 451 3744 soluere
469 3654 700 3742 tenebuntur.
754 3656 914 3772 lnsuper
934 3655 1188 3762 decernimus,
1216 3655 1316 3774 quod
1339 3655 1719 3772 sepedictiaduocati
1740 3671 1777 3742 et
1798 3687 1928 3744 eorum

295 3803 545 3862 successores
576 3772 743 3892 legittimi
772 3773 881 3862 uobis
902 3789 939 3862 et
959 3774 1099 3862 nostris
1120 3774 1430 3880 successoribus,
1461 3773 1511 3860 ad
1542 3775 1744 3892 quamlibet
1775 3775 1929 3891 expedi-

295 3894 443 3980 cionem
464 3893 694 4012 generalem,
716 3893 896 4011 quociens
918 3923 1078 3981 neoesse
1098 3892 1216 3996 luerit,
1238 3923 1321 3979 cunr
1343 3893 1492 3980 bomine
1512 3923 1597 3981 curn
1618 3892 1727 3980 hasta
1750 3893 1929 3983 decenter

294 4010 472 4128 expedito
503 4011 647 4099 servire
678 4012 751 4097 sint
780 4011 953 4100 asstricti.
999 4011 1183 4099 Preterea
1204 4009 1326 4100 dictos
1347 4013 1558 4101 aduocatos
1590 4025 1627 4097 et
1648 4039 1777 4098 eorum
1797 4027 1927 4130 poste-

293 4159 383 4232 roS,
414 4157 498 4218 cum
520 4130 706 4217 universis
726 4130 871 4221 civibus
892 4145 930 4216 et
949 4130 1081 4218 incobs
1103 4144 1308 4218 memorate
1328 4131 1497 4235 civitatis,
1517 4131 1567 4220 ab
1587 4129 1760 4218 omuibus
1774 4130 1927 4248 judicijs

293 4262 332 4333 et
352 4245 599 4363 potestatibus
620 4245 891 4361 pallatinorunr,
914 4248 1214 4352 castellanorum,
1229 4248 1398 4364 judicum
1420 4260 1458 4331 et
1477 4246 1711 4362 subjudicum
1735 4250 1927 4339 universo-

294 4393 376 4450 rum
406 4361 535 4481 Regni
564 4364 683 4450 nostri
714 4361 944 4452 absoluimus
966 4380 1002 4450 et
1022 4379 1205 4482 perpetuo
1225 4366 1448 4470 liberamus;
1485 4367 1533 4451 ite
1567 4363 1669 4486 quod
1700 4396 1828 4454 coram
1857 4370 1924 4470 eis,

295 4481 356 4567 vel
391 4509 521 4568 eorum
556 4480 682 4598 aliquo
718 4509 787 4598 pro
824 4483 950 4568 causis
981 4483 1130 4600 magnis
1162 4500 1199 4570 et
1229 4483 1366 4599 paruis·
1386 4481 1597 4573 nullatenus
1632 4485 1925 4600 respondebunt.

294 4597 376 4684 Sed
406 4614 528 4686 tamen
554 4600 658 4688 cives
689 4628 818 4686 coram
851 4599 929 4687 suis
960 4599 1178 4707 aduocatis,
1210 4600 1386 4688 aduocati
1407 4629 1501 4690 vero
1532 4629 1660 4688 coram
1679 4599 1812 4710 bobis,
1837 4593 1924 4720 jure

295 4714 510 4804 theutonico
542 4715 924 4843 lllaijdemburgensi,
956 4717 1044 4806 dum
1065 4733 1188 4806 tamen
1216 4748 1284 4836 per
1304 4720 1446 4808 literam
1467 4733 1636 4808 nostram
1657 4721 1756 4826 citati
1781 4721 1923 4828 luerint,

294 4851 383 4932 tunc
404 4832 451 4920 de
473 4867 515 4922 se
537 4835 818 4954 querelantibus
837 4835 1071 4955 respondere
1092 4837 1324 4928 tenebuntur.
1355 4837 1416 4928 ⁴lu
1433 4839 1563 4929 caude
1583 4852 1708 4930 autern
1730 4840 1922 4929 criminali-
