4870 5948
1013 696 1357 766 ,Λ-

423 893 572 1000 laturis,
593 894 806 1012 regularem
821 894 935 980 vitam
951 895 1150 1012 professis,
1171 896 1207 982 in
1223 910 1453 1012 perpetuum.
1487 892 1611 982 Officii
1630 896 1747 983 nostri
1767 926 1840 984 nos
1859 911 2048 1000 ammonet

425 1026 461 1099 et
491 1013 619 1098 invitat
648 1014 873 1116 auctoritas,
914 1043 984 1129 pro
1017 1013 1259 1100 ecclesiarum
1292 1027 1390 1099 statu
1422 1031 1600 1132 satagere
1632 1029 1670 1100 et
1700 1045 1829 1100 earum
1859 1015 1970 1132 quieti
2001 1043 2048 1100 ao

425 1130 674 1247 tranquillitati
709 1130 907 1216 salubriter
942 1129 1141 1217 auxiliante
1178 1131 1328 1244 domino
1364 1132 1577 1248 providere.
1618 1131 1782 1249 Dignum
1819 1151 1980 1250 namque
2014 1147 2051 1226 ot

424 1246 612 1334 honestati
629 1251 857 1334 conveniens
878 1279 965 1335 esse
986 1249 1202 1351 dinoscitur,
1224 1265 1263 1334 ut
1279 1249 1341 1366 qui
1356 1249 1406 1334 ad
1422 1249 1666 1335 ecclesiarum
1683 1251 1852 1366 regimen
1868 1249 2050 1366 assumpti

424 1395 575 1469 sumuS,
606 1393 673 1452 ees
695 1381 731 1452 et
750 1395 773 1451 a
794 1373 996 1482 pravorum
1017 1366 1205 1452 hominurn
1227 1368 1400 1482 nequicia
1421 1382 1615 1470 tueamur,
1636 1383 1673 1454 et
1693 1367 1792 1452 beati
1811 1367 1915 1454 Petri
1936 1380 1975 1452 at
2003 1397 2050 1452 ne
2132 1447 2134 1454 .

423 1481 527 1572 sedis
554 1485 762 1600 apostolice
789 1485 996 1600 patrocinio
1025 1485 1243 1570 muniamus.
1293 1483 1352 1570 Ea
1374 1500 1558 1600 propter,
1575 1484 1699 1570 dilecti
1726 1486 1762 1570 in
1788 1485 1939 1571 domino
1968 1397 2050 1598 filij,

424 1601 562 1686 vestris
592 1601 697 1687 iustis
729 1601 1048 1717 postulationibus
1079 1601 1282 1688 clementer
1312 1605 1529 1704 annuimus,
1561 1615 1597 1688 el
1626 1603 1807 1718 prefatam
1838 1601 2049 1703 ecclesiam,

424 1718 556 1833 inqua
578 1717 702 1804 divino
724 1721 922 1834 mancipati
943 1721 1033 1807 estis
1053 1719 1254 1838 obsequio,
1275 1719 1346 1806 suh
1367 1719 1467 1806 beati
1486 1720 1589 1806 Petri
1609 1734 1647 1806 et
1666 1736 1796 1808 nostra
1817 1719 2051 1835 protectione

426 1836 509 1948 (sic)
535 1837 759 1951 suscipimus
783 1851 820 1922 et
839 1839 1025 1952 presentis
1046 1838 1172 1954 scripti
1193 1837 1391 1956 privilegio
1413 1838 1693 1924 communimus.
1745 1840 1982 1942 Statuamus,
2013 1849 2053 1920 ut
2158 1843 2161 1849 ’

426 1981 674 2072 quascunque
698 1956 985 2071 possessiones,
1017 1985 1241 2073 quecunque
1262 1955 1361 2041 hona
1383 1955 1517 2042 eadem
1539 1956 1700 2042 ecclesia
1723 1957 1758 2041 in
1780 1950 2052 2072 presentiarum

423 2072 521 2158 iuste
543 2087 580 2158 et
600 2073 782 2158 canonice
802 2074 985 2188 possidet,
1006 2087 1070 2158 aut
1089 2073 1124 2158 in
1146 2074 1304 2160 loturum
1326 2075 1577 2160 concessione
1597 2074 1825 2190 pontificum,
1847 2071 2055 2190 largicione

427 2218 560 2305 regum
580 2188 641 2274 vel
661 2188 878 2303 principum,
899 2191 1095 2295 oblacione
1117 2189 1278 2276 fidelium
1300 2220 1369 2276 seu
1390 2191 1472 2305 alijs
1493 2192 1598 2276 iustis
1619 2192 1759 2293 modis,
1774 2191 1860 2276 deo
1882 2186 2054 2304 propitio,
2089 2279 2093 2292 ,

425 2307 564 2422 poterit
584 2303 752 2420 adipisci,
783 2305 891 2388 firma
911 2307 1021 2393 vobis
1041 2307 1252 2420 vestrisque
1273 2305 1563 2390 successoribus
1584 2319 1621 2390 ct
1640 2308 1777 2391 illibata
1797 2316 2053 2421 permaneant

426 2423 471 2508 ln
508 2421 642 2537 quihus
681 2419 754 2504 hec
794 2421 956 2588 proprps
998 2419 1171 2505 duximus
1206 2419 1447 2535 exprimenda
1482 2419 1689 2506 vocabulis.
1751 2417 1794 2504 ln
1828 2427 1982 2504 Plozr'co
1999 2413 2054 2536 (³)
2098 2483 2102 2487 -
2171 2517 2172 2520 p

428 2535 660 2657 prebendam
691 2538 907 2647 Zocr'choo(
936 2537 972 2644 );
1001 2531 1040 2622 in
1063 2541 1243 2623 diemo
1259 2535 1454 2624 decimum
1475 2547 1513 2622 el
1529 2527 1671 2623 nonum
1699 2538 1840 2640 lorum,
1871 2535 2054 2621 decimam
2126 2557 2158 2582 ’·

427 2670 466 2744 et
485 2683 622 2741 nonam
643 2682 827 2756 marcam,
859 2652 1043 2740 decimam
1064 2667 1102 2739 et
1122 2683 1259 2740 nonam
1281 2655 1420 2757 navim,
1444 2653 1627 2740 decimum
1648 2653 1849 2770 poletrum,
1871 2652 2056 2742 decimum
2125 2715 2128 2731 ,

427 2773 525 2860 diem
547 2773 582 2857 in
604 2768 857 2882 clausuraffi).
900 2771 1035 2856 Totum
1055 2767 1277 2882 Loma'nc(⁰)
1299 2801 1382 2857 cunr
1397 2772 1634 2887 pertinentiis
1654 2773 1752 2879 suis3
1781 2765 2056 2880 Gortczlaw(⁷)
2111 2789 2123 2822 ²

428 2921 514 2979 cunr
530 2890 761 3007 pertinentijs
777 2889 873 2992 suis;
893 2893 1019 2996 [Sool]
1036 2883 1193 2999 atooel⁸l
1210 2918 1293 2975 cum
1309 2889 1540 3004 pertinentijs
1560 2889 1656 2995 suis3
1680 2884 1954 3002 Turporcincd)
1972 2917 2056 2975 cunt

428 3005 658 3125 pertinentijs
672 3007 769 3112 suis3
784 3001 1034 3118 Nasidlzlrl¹⁰l
1051 3037 1135 3092 cunr
1152 3007 1492 3124 pertinentijssuis;
1509 3006 1716 3094 caccabum
1731 3009 1768 3094 in
1783 3001 2055 3120 Seqooendl¹¹);

545 3312 557 3350 ¹
600 3308 679 3374 Urbs
693 3307 788 3374 Ptoclr
801 3308 848 3374 aui
863 3309 993 3374 nominis
1008 3308 1179 3394 prouinciae
1193 3315 1294 3394 ceput.

543 3397 555 3434 ⁴
597 3393 632 3458 ln
649 3393 825 3476 apographo
837 3394 929 3478 hujus
943 3394 1044 3460 bullae
1060 3393 1201 3458 notoriali
1215 3411 1296 3458 anno
1313 3391 1395 3457 ldbd
1410 3398 1550 3470 exarato,
1573 3398 1604 3457 et
1618 3391 1775 3476 privilegio
1794 3391 1883 3474 legati
1899 3391 2056 3476 apostolici

430 3477 577 3561 Opicouis
592 3477 662 3542 anni
680 3477 770 3551 1254,
785 3477 868 3562 quod
883 3476 1008 3543 inferius
1024 3479 1079 3543 Ντο
1092 3478 1191 3542 XLlll
1206 3475 1407 3551 exhibuimus,
1421 3475 1488 3541 villa
1504 3474 1579 3540 haec
1594 3476 1762 3560 appellatur
1776 3475 1910 3551 anlrdro,
1923 3473 2056 3539 Soleo.

429 3562 486 3627 Eat
501 3568 602 3624 antem
618 3560 760 3626 anzlrdao
775 3561 842 3626 uilla
857 3561 1017 3642 parochiae
1032 3560 1202 3645 oppidanae
1216 3560 1374 3636 Nurensis,
1395 3557 1539 3624 territorii
1553 3557 1806 3638 Ostroloncensis,
1828 3560 1866 3624 in
1882 3559 2057 3645 propinquo

430 3646 561 3712 aliorum
575 3645 714 3711 coenobii
730 3644 881 3708 honorum
897 3644 963 3708 sita.
2071 3714 2074 3720 ,

531 3726 572 3811 (⁵)
599 3728 732 3812 Lagania
747 3749 764 3790 a
808 3727 931 3794 stoliars
946 3727 1044 3815 Opino
1059 3727 1088 3792 in
1104 3726 1271 3814 privilegio,
1290 3727 1329 3794 dc
1343 3748 1405 3814 quo
1418 3727 1558 3813 superius
1573 3728 1760 3794 mentionem
1776 3727 1921 3804 lecimus,
1941 3746 2003 3790 non
2018 3724 2057 3790 da

430 3813 548 3964 giem
563 3811 619 3961 dite,
633 3811 686 3876 sed
702 3810 742 3875 de
796 3810 873 3876 eima
888 3825 973 3877 nocte
987 3813 1017 3880 in
1033 3813 1171 3878 clausura
1186 3812 1330 3897 loquitur,
1352 3821 1384 3877 ct
1397 3812 1529 3898 singulas
1544 3813 1593 3880 hic
1607 3820 1861 3880 commemoratas
1876 3810 2057 3876 donationes

474 3897 554 3962 uiua
590 3901 702 3962 anone
2111 3898 2114 3906 “

544 3985 557 4022 ⁰
597 3980 714 4066 donno
727 3980 796 4045 villa
811 3979 930 4065 publico
946 3980 1170 4064 parochialium
1184 3980 1375 4046 Varsariensi
1390 3981 1524 4064 regione.
1889 4030 1892 4039 .

547 4070 556 4122 ,²
600 4062 670 4128 Sine
695 4064 787 4129 dubio
813 4064 880 4130 villa
911 4063 1034 4131 Goclaac
1057 4065 1190 4152 regionis
1216 4065 1368 4131 Plocenaia
1394 4065 1432 4130 nd
1459 4063 1632 4149 parochiam
1657 4064 1792 4143 Latowo
1817 4061 1983 4146 pertinens
2020 4062 2057 4128 In

292 4123 296 4126 ¹
432 4147 609 4233 apographo
623 4147 750 4232 antiquo
765 4148 877 4230 legitur
891 4147 1034 4214 Gotrlcw.

534 4231 574 4313 (⁸)
600 4231 712 4306 Verba,
725 4252 804 4316 quac
819 4232 914 4298 rimae
929 4231 1063 4298 chartam
1079 4231 1343 4314 taedenteslegerc
1355 4230 1531 4314 impediunt,
1547 4227 1596 4294 hic
1606 4229 1692 4294 uncis
1705 4229 1876 4307 interclusa,
1889 4223 2059 4294 secundum

432 4313 598 4401 apographi
613 4323 752 4381 tenorem
768 4317 964 4382 restituimus
992 4317 1160 4382 Skolotowo
1174 4314 1357 4400 parochialis
1372 4315 1440 4381 villa
1454 4315 1484 4378 in
1501 4314 1626 4396 ragione
1640 4314 1790 4379 Plocensi.

535 4399 575 4482 (⁹)
606 4399 670 4462 Tor
691 4402 805 4464 vaenue
819 4399 849 4464 in
865 4400 1051 4485 apographo:
1067 4401 1119 4465 sed
1136 4419 1235 4484 nequa
1252 4400 1453 4484 Torposu'nc,
1475 4416 1576 4494 neque
1590 4397 1650 4462 ulla
1666 4398 1822 4475 allavilla,
1845 4397 1932 4482 cujus
1946 4415 2058 4462 nomen

426 4483 531 4551 ‚simile
545 4483 600 4558 sit,
623 4485 651 4549 in
668 4421 723 4548 dac
737 4486 861 4568 regione
875 4485 1036 4570 reperitur.
1074 4483 1247 4548 Proximum
1263 4503 1334 4548 vero
1349 4481 1469 4548 videtur
1483 4502 1531 4566 agr
1547 4481 1586 4547 de
1599 4483 1667 4579 ¹villa
1682 4482 1861 4567 Kcrqorzyn
1875 4501 1937 4545 uon
1948 4480 2058 4578 procul

433 4565 602 4635 adoneae
616 4567 684 4643 sita,
705 4568 737 4632 in
750 4568 907 4635 terriurrio
921 4577 955 4634 et
969 4569 1095 4652 ragione
1109 4566 1313 4633 Praaznicansi
1328 4567 1364 4630 ad
1382 4565 1557 4652 parochiam
1572 4565 1861 4640 Cuechanovicnsem
1877 4571 2058 4648 perimente.

499 4713 502 4723 .
551 4655 576 4692 ¹⁰
620 4653 676 4716 Est
690 4657 794 4719 autam
807 4651 945 4720 Ncrr’elak
959 4651 1104 4737 oppidum
1120 4649 1292 4736 parochiale
1307 4651 1338 4716 in
1352 4651 1555 4718 Ptdtuscianai
1570 4649 1722 4716 territorio
1737 4649 1915 4732 etragiono.

552 4738 576 4776 ¹¹
621 4737 697 4800 Tam
724 4735 880 4820 Sepooend
901 4757 992 4822 quarn
1016 4735 1206 4821 Spooontlcn,
1273 4753 1310 4800 aa
1330 4735 1361 4802 iu
1384 4735 1525 4800 notariali
1547 4734 1635 4820 copia
1654 4733 1756 4797 hullao
1777 4733 1847 4798 anni
1872 4734 1954 4798 root
1976 4740 2007 4798 ct
2029 4732 2059 4797 in

433 4818 588 4904 privilegio
603 4817 749 4904 Opironis
764 4822 904 4902 occurrit,
919 4823 950 4888 in
964 4820 1012 4886 his
1026 4821 1202 4904 regionibus
1216 4840 1237 4907 p
1267 4841 1304 4887 nc
1319 4820 1422 4906 ignota
1437 4827 1516 4886 aunt
1539 4819 1597 4883 Eat
1609 4825 1712 4884 tamen
1723 4817 1792 4883 nilla
1808 4817 1991 4902 Zplowrirtkc
2003 4834 2058 4882 seu
