4780 5922
1028 751 1072 765 -
1118 699 1201 786 tut
1255 753 1301 767 .-

1056 1009 1275 1124 uxttttu.
1381 1102 1386 1112 ,

441 1228 456 1240 ”
477 1227 801 1376 mecum,
825 1297 982 1364 amo
1008 1277 1158 1368 neoc
1184 1281 1279 1364 cce
1303 1278 1385 1364 ao
1412 1302 1482 1368 m,
1507 1281 1848 1404 novenum.

389 1479 755 1575 ‚cummeneo
769 1480 941 1574 tanetum,
963 1483 1084 1556 uicus
1098 1482 1240 1558 videmur
1256 1483 1373 1562 Gerae,
1394 1485 1575 1552 Pesticos-iae
1588 1489 1622 1557 ct
1635 1485 1766 1574 Kempac
1780 1483 1924 1558 coenobii

417 1582 670 1658 eburonum
685 1583 911 1680 Sutcjoricnsic
925 1585 1131 1676 propriarum,
1153 1585 1194 1658 ab
1209 1586 1350 1658 cunibus
1364 1585 1496 1678 publicis
1510 1586 1638 1660 tributu
1653 1591 1687 1660 ct
1700 1585 1838 1681 angariis
1851 1604 1907 1677 pu

363 1680 366 1690 '
601 1690 605 1699 “
776 1794 779 1804 ,
826 1685 964 1762 sedecim
979 1704 1079 1759 onuoc
1093 1687 1245 1760 intumas
1259 1687 1435 1780 ccsejutct
1449 1689 1498 1774 (¹).

447 1907 489 1994 ln
512 1907 659 1993 nomine
685 1907 844 2016 domini,
877 1940 999 1996 amen.
1050 1908 1133 1997 Nos
1166 1909 1378 1998 Kazimirus
1410 1909 1469 1998 dei
1501 1911 1622 2027 gratia
1655 1911 1743 1998 Dux
1771 1909 1975 2000 Lancbicie

345 2024 604 2144 significamus
625 2027 809 2114 universis
831 2028 1068 2144 presentibus
1092 2029 1297 2130 coturnis,
1319 2027 1421 2144 quod
1442 2057 1514 2114 nos
1536 2029 1756 2115 contulimus
1778 2029 1916 2139 Abbati
1938 2045 1976 2117 ct

345 2145 544 2230 conventui
566 2142 708 2230 domus‘
722 2146 771 2230 de
791 2151 908 2232 Setaea
930 2146 1155 2264 specialibus
1189 2145 1403 2262 Capelianis
1435 2146 1723 2234 nostris-locare
1742 2147 1849 2235 vitias
1871 2177 1974 2252 suas
2001 2203 2004 2212 ι

236 2278 241 2290 ’
345 2260 523 2350 videlicet
549 2265 709 2361 Geren,
740 2270 936 2362 Resoouo,
970 2260 1208 2374 Ccmpom(²)
1237 2278 1422 2351 cumtoto
1444 2263 1725 2370 districtum,
1757 2278 1869 2380 prout
1888 2281 1976 2352 sunt

344 2381 456 2466 certis
479 2380 584 2465 metis
606 2379 826 2498 etgadibus
848 2379 1015 2482 limitate,
1046 2381 1174 2465 locare
1196 2378 1329 2466 eodem
1351 2381 1429 2464 iure
1456 2379 1689 2466 Theutonioo
1710 2397 1823 2496 prout
1843 2385 1878 2468 in
1901 2389 1973 2494 Sy-

343 2494 508 2610 roda(³)
529 2497 651 2584 incole
673 2511 709 2583 et
733 2499 836 2584 cives
859 2497 1027 2598 eiusdeui
1049 2499 1208 2586 civitatis
1229 2494 1369 2584 babere
1398 2497 1691 2616 dignoscuntur:
1724 2511 1758 2586 et
1779 2513 1818 2586 ut
1837 2502 1973 2618 pocius
2009 2598 2014 2606 ,

342 2614 463 2700 dictas
484 2611 591 2701 vittas
613 2645 704 2700 suas
724 2613 852 2702 locare
873 2615 1043 2720 valeant,
1075 2613 1180 2702 etad
1202 2646 1269 2702 eas
1290 2613 1460 2719 homines
1480 2643 1622 2701 vocare
1644 2617 1811 2720 tiberius,
1834 2645 1972 2704 couce-

341 2730 464 2820 dirnus
495 2731 667 2820 omnibus
699 2731 830 2819 incotts
862 2731 1045 2838 dictarum
1076 2731 1245 2819 viiiarurn
1276 2733 1347 2817 iarn
1380 2731 1628 2819 residentibus
1659 2733 1787 2822 celin
1813 2735 1972 2821 iuturum
2038 2749 2041 2758 ‘

341 2849 626 2938 advenientibus
647 2851 684 2936 iu
705 2849 849 2948 eisdem¹
868 2850 983 2938 sedes
1006 2849 1200 2956 edificare,
1229 2852 1426 2966 extirpare,
1448 2865 1485 2936 et
1503 2849 1607 2936 XVI.
1628 2854 1736 2938 annis
1759 2852 1974 2940 omnimoda
2066 2858 2082 2928 i

341 2966 515 3086 gaudere
535 2968 721 3074 libertate3
743 2985 781 3054 et
800 2969 849 3058 ab
871 2970 969 3055 omni
986 2971 1188 3082 exactione
1209 2968 1363 3080 eosdem
1385 2969 1530 3056 incolas
1550 2969 1644 3055 inira
1657 2969 1851 3086 predictos
1866 2967 1971 3058 XVI.
2025 3079 2028 3086 v

441 3251 477 3336 (Ι)
506 3251 554 3318 Ex
575 3249 740 3340 archetypo
763 3254 996 3320 mambranaceo
1019 3253 1142 3320 doctiss.
1164 3252 1385 3339 Strouczynscii
1411 3253 1551 3338 proprtm
1581 3252 1667 3340 cuius
1688 3253 1816 3340 sigilium
1841 3252 1881 3322 de
1902 3273 1973 3322 cera

328 3337 495 3404 communi
511 3335 634 3412 iactum,
645 3337 709 3423 jam
725 3359 849 3423 prorsus
864 3339 1006 3418 deletum,
1021 3339 1078 3433 fiiis
1092 3340 1194 3404 sericis
1208 3339 1294 3404 rubei
1311 3347 1342 3403 et
1356 3339 1422 3402 ssavi
1439 3339 1549 3402 cotoris
1565 3339 1735 3423 appensum
1749 3346 1805 3403 esc

422 3421 475 3503 '(²)
503 3421 553 3486 De
573 3421 651 3487 vitiis
673 3421 722 3487 hie
744 3425 900 3488 recensitis
917 3423 980 3508 jam
1004 3423 1033 3486 in
1057 3424 1304 3488 annotationibus
1330 3421 1367 3484 ad
1392 3421 1659 3504 privilegium·N¹⁰
1682 3423 1750 3486 iV¹⁰
1772 3421 1971 3504 praemissum

340 3503 571 3576 incutimus:
595 3506 692 3570 vitiam
712 3509 791 3571 enim
815 3507 864 3571 hio
887 3507 972 3572 Gora
987 3506 1099 3569 dicum
1117 3527 1176 3569 non
1192 3507 1280 3568 etiam
1297 3523 1364 3568 asse
1380 3505 1436 3566 nisi
1453 3523 1563 3586 pagum
1587 3505 1862 3590 Batdrzycbcwskc
1884 3504 1971 3570 Gdrc

341 3585 649 3672 (Baidricbovian'sem
664 3589 828 3670 muntenni,
850 3590 902 3672 qui
919 3591 948 3652 in
964 3587 1119 3674 praedicto
1135 3588 1290 3673 privilegio
1305 3587 1453 3650 vocabuio
1468 3587 1562 3664 tarino
1585 3589 1675 3653 Mons
1696 3589 1860 3666 indicatur,
1887 3589 1971 3654 etad

339 3667 438 3737 rivum
461 3671 614 3752 Mierczna
637 3672 712 3735 situs
735 3694 751 3735 a
774 3669 981 3735 Batdricbovia
1005 3671 1053 3734 rix
1074 3689 1136 3734 uno
1159 3669 1300 3735 mitiiario
1316 3669 1424 3746 distat,
1449 3689 1539 3734 nemo
1554 3679 1619 3748 est,
1642 3671 1693 3756 qui
1711 3671 1835 3760 dubitet
1866 3671 1970 3750 Quum

337 3761 520 3822 tomentum
536 3753 566 3818 io
580 3751 647 3831 bac,
661 3762 727 3819 turn
744 3753 773 3818 in
789 3755 880 3840 panio
896 3757 1095 3838 praecedente
1109 3755 1264 3820 Lxxxm·
1280 3755 1393 3831 tabula,
1408 3754 1536 3820 devitiis
1553 3755 1646 3833 Gora,
1662 3756 1806 3820 Pumceo
1822 3757 1859 3842 (v.
1874 3757 1971 3838 Pecc-

336 3839 424 3923 που)
440 3848 471 3909 ct
488 3840 559 3904 Com
581 3862 601 3903 c
614 3838 674 3906 hoc
689 3835 782 3912 nmdo
796 3846 913 3922 agenn,
929 3847 963 3904 ut
974 3839 1096 3912 easdem
1107 3861 1215 3908 omncs
1226 3839 1283 3906 sibi
1295 3840 1454 3921 contiguas
1469 3847 1500 3906 et
1512 3843 1598 3925 quasi
1615 3843 1718 3904 inuno
1730 3841 1857 3918 limitum
1871 3849 1972 3912 tractu
2114 3889 2120 3894 *-

337 3925 450 4010 positas
473 3944 540 3990 esse
554 3861 642 3990 detto
656 3923 784 4011 quisque
798 3924 951 4009 conticere
965 3925 1073 4008 possit,
1095 3945 1174 3989 nunc
1189 3924 1305 3990 facilius
1319 3925 1409 3990 etiarn
1426 3923 1579 4000 adducor,
1603 3933 1635 3988 ut
1651 3923 1747 3989 viliam
1764 3923 1811 3989 bic
1826 3925 1970 3990 Pescoeo

338 4009 410 4072 aiios
427 4015 528 4076 autem
548 4007 706 4073 Pacenooo
722 4027 878 4092 perperam
895 4007 1106 4084 dictam‚‘non
1123 4009 1210 4074 etiarn
1227 4010 1282 4073 nisi
1298 4009 1396 4074 vittam
1413 4009 1582 4072 Posticowr'c
1596 4007 1698 4073 Gerae
1713 4010 1885 4091 contiguam
1903 4025 1970 4076 csse

337 4090 607 4176 uadem-utque
621 4093 721 4158 citiam
737 4111 862 4178 quoquae
877 4093 993 4178 diepam
1007 4092 1119 4157 i'oidcrn
1134 4093 1172 4158 ad
1188 4095 1312 4158 fluvium
1327 4092 1480 4157 Mieroznu
1497 4093 1542 4157 vet
1558 4093 1629 4158 oiim
1647 4091 1806 4169 exstitisse,
1821 4094 1969 4163 ueletiam

337 4173 430 4241 bodie
445 4180 563 4240 ustura
579 4185 698 4258 putero,
724 4185 905 4260 argumento
922 4178 1040 4242 tabulae
1056 4175 1209 4242 iiiiii!tine
1226 4199 1311 4242 rneae
1327 4176 1433 4240 buico
1456 4175 1550 4240 inioni
1567 4175 1612 4242 vel
1629 4175 1759 4242 maxime
1773 4177 1969 4260 suffragantes

336 4257 408 4325 iicet
429 4258 467 4322 de
489 4259 612 4322 nomine
634 4267 665 4324 et
686 4259 746 4323 situ
770 4259 941 4344 praedictae
964 4259 1066 4338 vitiae,
1085 4283 1148 4327 nec
1170 4260 1288 4327 lodices
1310 4260 1407 4344 Regni
1430 4197 1576 4324 boloniae
1598 4259 1832 4336 iocorum„neo
1848 4261 1968 4328 tabuiaa

336 4339 559 4430 geographicae
573 4333 667 4406 ulium
684 4343 826 4411 iudicium
843 4342 1013 4410 exhibeant.
1960 4421 1962 4426 ,

438 4426 472 4512 (²)
502 4427 603 4494 Srcdo
618 4427 793 4511 primarium
809 4426 920 4497 nornen
935 4436 1002 4492 erat
1015 4428 1135 4513 oppidi,
1157 4428 1239 4514 quod
1254 4427 1375 4494 Novum
1388 4427 1492 4510 sorren
1507 4427 1609 4503 iatine,
1630 4427 1799 4495 Noomortt
1812 4449 1883 4494 vcro
1898 4448 1967 4512 gar·

336 4513 454 4577 rnauioe
469 4512 600 4589 dictum,
622 4511 651 4576 in
667 4511 771 4576 Siiesia
789 4511 923 4576 interiori
939 4511 1048 4587 situm,
1071 4522 1205 4597 quatuor
1220 4513 1363 4576 mittiariis
1381 4533 1398 4576 a
1414 4512 1590 4578 Vratistario
1607 4513 1705 4577 distat.
1741 4513 1807 4576 Vid.
1823 4510 1966 4577 Stenzeiii
2042 4557 2048 4565 -

340 4594 699 4682 Urinam-sommium
715 4617 742 4680 p.
759 4593 838 4668 108:
861 4595 999 4678 Roepotii
1023 4593 1125 4660 Geccin
1149 4598 1171 4660 l.
1193 4597 1266 4672 ott,
1287 4594 1359 4662 tta.
1394 4597 1546 4682 Diugossii
1570 4597 1661 4662 etiarn
1685 4595 1833 4660 Chronica
1850 4595 1887 4661 dc
1901 4616 1965 4662 uno

337 4678 508 4765 eodemque
531 4688 659 4756 euentu,
679 4681 799 4746 duobus
815 4679 944 4746 diversis
965 4681 1057 4756 iocis,
1079 4680 1171 4744 Libro
1193 4679 1254 4744 scit.
1276 4679 1327 4745 Vi.
1342 4699 1369 4764 p.
1383 4680 1446 4745 oto
1462 4691 1494 4746 et
1508 4682 1572 4746 Lib.
1586 4683 1651 4745 th.
1667 4699 1698 4761 p.
1711 4679 1781 4762 too,
1789 4677 1902 4759 (errore
1917 4681 1965 4746 vat

335 4762 430 4850 ipsius
445 4765 598 4848 Dtugossii
614 4766 659 4830 vei
674 4765 805 4843 librarii,
820 4767 923 4831 vitiata
938 4772 1110 4851 temporum
1127 4763 1253 4848 rationo}
1270 4767 1477 4830 narrationem
1494 4765 1676 4838 exhibentia,
1699 4763 1750 4827 ruo
1765 4763 1891 4841 Srodse,
1906 4764 1966 4832 boo
2104 4805 2107 4817 ·

335 4853 438 4916 mun
453 4848 523 4914 loco
538 4849 676 4958 Novitori
690 4869 803 4916 nornen
819 4850 917 4916 eidam
933 4847 1047 4937 oppido
1062 4849 1209 4916 tribuunt.
1237 4849 1325 4918 Gont.
1340 4851 1401 4916 tab.
1416 4850 1471 4918 ΝΙο
1485 4849 1592 4916 xttv.
1608 4847 1855 5004 praemisspopag.
1871 4849 1922 4914 td.
