4904 5934
1088 771 1134 788 ⁴-
1191 730 1261 808 tat
1311 764 1362 796 .-··
1475 813 1483 826 ,

415 935 657 1030 Gerwardus
672 937 844 1024 dominus
870 951 907 1024 et
927 937 1039 1024 hores
1059 938 1096 1022 in
1119 940 1270 1036 Cosutb
1304 937 1486 1024 universis
1516 935 1657 1024 Clnisti.
1680 933 2037 1056 lidelibuo·prasen·

412 1057 513 1145 tibus
532 1071 569 1142 et
584 1057 717 1142 littoris
737 1054 911 1140 volumus
931 1055 1019 1142 osso
1038 1068 1185 1140 notum:
1215 1051 1318 1164 qood
1340 1081 1411 1140 nos
1437 1053 1628 1148 Cristiano
1649 1054 1818 1144 Soulteto
1839 1071 1969 1144 nostro
1989 1085 2040 1144 ao

411 1174 490 1260 suis
510 1170 712 1260 heredibus
728 1170 949 1258 contulimus
965 1169 1215 1258 molendinum
1230 1185 1411 1275 nostrum,
1433 1171 1534 1290 quod
1551 1172 1659 1258 situm
1674 1187 1736 1258 est
1755 1173 1791 1258 in
1806 1173 1892 1260 villa
1907 1189 2038 1261 nostra

415 1285 633 1400 Cosotllffil,
656 1319 781 1407 ,super
807 1287 964 1384 riuulom
986 1291 1047 1405 qui
1075 1295 1205 1376 Viden
1226 1289 1379 1394 dieitur,
1409 1292 1489 1376 iure
1509 1287 1735 1377 hereditario
1756 1290 2038 1406 possidendum
2089 1311 2099 1326 ·

245 1489 251 1501 ,
410 1403 467 1494 lta
494 1405 597 1525 quod
615 1406 783 1525 singulis
814 1410 921 1495 annis
938 1409 988 1493 'in
1008 1409 1106 1495 lesto
1132 1407 1232 1494 beati
1256 1407 1412 1524 ⁴Martinj
1445 1405 1587 1494 dabunt
1608 1406 1705 1494 duos
1727 1407 1871 1524 lapides
1892 1437 1982 1496 cere
1999 1409 2039 1494 in

411 1525 615 1612 remedium
646 1528 768 1610 anime
795 1539 924 1613 nostre
945 1553 993 1610 ao
1012 1539 1211 1642 parentum
1229 1541 1442 1613 nostrorum
1462 1527 1691 1612 monasterio
1711 1521 1900 1618 londensi
1921 1553 2039 1612 censu

409 1655 593 1760 perpetuo
615 1643 853 1759 perdurante.
891 1638 990 1729 Nulli
1011 1643 1107 1728 ultra
1128 1644 1326 1762 quiequam
1348 1642 1397 1730 de
1416 1645 1563 1762 prelato
1584 1639 1798 1730 molendino
1819 1645 2038 1748 seruientes,

411 1761 480 1848 sed
501 1762 551 1848 ab
572 1761 672 1847 omni
693 1762 863 1848 seroioio·
876 1763 1052 1877 exempti,
1073 1759 1194 1876 ipsum
1214 1761 1331 1848 libere
1350 1760 1610 1877 possidebunt.
1653 1761 1696 1846 Si
1715 1791 1808 1848 uero
1829 1761 2039 1896 contigerit,

439 1879 517 1967 uod
549 1879 645 1967 idern
677 1877 927 1966 molendinum
958 1880 1006 1966 sit
1035 1879 1359 1986 venundandum,
1393 1880 1544 1966 venient
1573 1877 1735 1966 heredes
1767 1878 1815 1966 ad
1847 1877 2040 1974 dommum

410 1909 597 2088 dbbatem
609 1997 831 2113 vmonasterij
855 1997 1059 2112 memoratj,
1080 1996 1336 2108 colloquentes
1357 1997 1390 2083 ei
1411 2026 1527 2114 super
1546 1997 1760 2084 venditione
1775 1997 1883 2106 buius
1901 1997 2040 2084 molen·

412 2114 509 2231 dinj;
542 2115 602 2201 oui
632 2116 664 2203 si
695 2114 876 2231 placuerit
906 2143 1031 2200 emere
1061 2115 1190 2230 precio
1220 2139 1296 2225 quo
1328 2117 1545 2202 conuenerit
1574 2143 1659 2200 oum
1690 2115 1766 2220 eis,
1802 2145 1872 2231 pre
1902 2116 2039 2200 ceteris
2100 2131 2106 2144 '

412 2233 601 2321 obtinebit.
659 2231 897 2344 Quicumque
928 2247 1052 2317 autem
1083 2260 1288 2348 possessor
1317 2231 1425 2319 buius
1456 2231 1656 2347 molendinj
1687 2233 1816 2336 luerit,
1855 2230 2039 2320 tenebitur

192 2390 195 2398 ¹
329 2413 332 2418 ·
411 2350 520 2442 nobis
540 2349 684 2438 molere
703 2349 823 2467 gratis
844 2346 977 2435 diebus
997 2350 1235 2436 versantibus
1256 2351 1330 2440 vite
1350 2363 1491 2436 nostre.
1539 2350 1772 2438 Contulimus
1802 2351 1911 2436 etiam
1937 2348 2038 2436 dioto
2107 2355 2115 2374 '

412 2459 598 2556 Cristiano
629 2465 741 2552 ambo
771 2465 892 2552 littora
921 2467 1037 2552 nostri
1066 2467 1211 2584 stagnj,
1243 2468 1278 2552 in
1300 2467 1433 2577 quibus
1453 2469 1592 2583 poterit
1612 2465 1791 2554 edificare
1820 2480 1858 2552 et
1878 2462 2039 2582 operari,

411 2598 525 2703 prout
544 2583 614 2669 sibi
635 2611 682 2668 ao
703 2583 781 2668 suis
801 2583 963 2696 posteris
983 2582 1167 2669 videbitur
1187 2581 1376 2697 expedire.
1417 2579 1687 2670 Niobilominus
1716 2612 1787 2700 pro
1813 2583 1964 2669 utilitate
1991 2613 2041 2671 ao

411 2700 638 2789 nenessitate
659 2726 729 2785 sua
748 2698 940 2814 plantandi
962 2714 1083 2784 ortum
1102 2701 1172 2816 ipsi
1195 2699 1418 2786 contulimus
1439 2699 1661 2801 libertatem,
1689 2701 1726 2786 in
1746 2712 1878 2787 nostro
1898 2713 2038 2818 stagno

411 2816 584 2935 pisoandi
615 2816 827 2901 facultatem
859 2815 1083 2922 tribuentes3
1124 2846 1255 2902 verum
1290 2831 1413 2902 tamen
1450 2817 1676 2933 piscationis
1711 2847 1819 2904 usum
1855 2845 1940 2904 oum
1969 2819 2040 2904 reti

411 2935 561 3056 parwlo
582 2948 870 3051 prosequantur.
921 2931 971 3020 Et
1001 2947 1041 3019 ut
1071 2931 1170 3018 idem
1201 2932 1451 3022 molendinum
1483 2935 1519 3020 in
1541 2934 1712 3021 omnibus
1742 2934 1899 3022 liberum
1929 2935 1978 3022 sit
2003 2948 2040 3022 et
2156 3029 2159 3038 Δ

204 3056 209 3064 “
277 3097 285 3106 ·
387 3051 645 3170 expeditum,
677 3049 846 3138 dedimus
878 3049 997 3136 eidem
1032 3049 1219 3138 Cristiano
1251 3079 1298 3136 ao
1330 3053 1408 3150 suis
1436 3053 1599 3172 posteris
1626 3054 1725 3136 viam
1753 3051 1962 3138 accedendi
1990 3050 2039 3140 ad

410 3171 594 3288 prelatum
619 3166 890 3272 molendinum,
921 3169 983 3254 ubi
1013 3167 1082 3254 sibi
1112 3167 1246 3256 melius
1275 3181 1313 3254 el
1332 3169 1455 3285 aptius
1483 3168 1644 3255 viderint
1673 3184 1908 3286 competere,
1939 3169 2041 3255 nullo

410 3290 559 3406 penitus
579 3285 810 3402 prohibente.
842 3285 894 3370 Ut
915 3299 1038 3371 autem
1060 3285 1132 3374 heo
1153 3285 1358 3391 ordinacio,
1381 3312 1492 3397 quam
1507 3286 1663 3372 lenimus
1680 3287 1729 3372 ob
1745 3287 1901 3374 salutem
1917 3287 2040 3374 anime

410 3417 552 3510 nostre,
574 3402 793 3493 inviolabilis
810 3415 1037 3520 perseueret,
1060 3403 1290 3490 obtinuimus.
1303 3433 1327 3490 a
1342 3402 1555 3490 reuerendo
1571 3419 1678 3520 patre
1694 3404 1844 3491 domino
1865 3401 2041 3490 Jolranne

411 3521 608 3640 Episoopo
629 3520 903 3627 Poznaniensi,
919 3535 974 3620 ,ut
994 3517 1115 3640 sigillo
1135 3550 1207 3630 suo
1228 3523 1418 3638 presentia
1438 3520 1709 3624 confirmando,
1732 3520 1840 3608 huius
1860 3522 1914 3608 rei
1935 3521 2041 3610 testis

332 3639 335 3644 ’
412 3640 635 3728 venerabilis
666 3637 868 3744 habeatur,
899 3668 975 3724 una
989 3693 990 3698 Ν
1005 3669 1090 3724 oum
1120 3638 1283 3726 discreto
1314 3639 1397 3726 viro
1427 3636 1629 3726 Gerbardo
1658 3637 1808 3746 abbate
1836 3635 2040 3743 Lendensi,

412 3755 565 3845 domino
585 3755 805 3844 Hermanno
826 3753 987 3846 Seniore
1006 3755 1162 3860 ibidem,
1194 3754 1345 3846 domino
1366 3755 1540 3844 Waltero
1555 3756 1733 3844 vPlebono
1754 3756 1803 3844 de
1822 3752 2040 3869 Slopza(³),
2078 3749 2081 3757 ’

413 3889 451 3962 et
469 3871 550 3990 alijs
573 3871 872 3989 quampluribus
891 3873 966 3959 lide
986 3871 1124 3993 dignis.
1156 3873 1292 3962 Datum
1314 3885 1352 3956 et
1366 3888 1491 3959 aetum
1506 3901 1606 3962 anno
1621 3873 1761 3964 domini
1781 3873 1839 3966 Μο
1856 3872 1937 3958 CC⁰
1952 3871 2040 3958 XC⁰

411 3991 482 4092 ,Vl'
503 3993 726 4078 Potentiane
745 3989 902 4108 virginis
921 3989 1149 4078 uenerande.
1191 3989 1242 4074 Ut
1257 4004 1379 4075 autem
1397 3990 1563 4076 solantur
1579 3993 1649 4078 ista
1669 3991 1830 4095 anobis,
1851 4004 2041 4100 tamquam

413 4138 551 4195 auero
573 4107 713 4196 herede
734 4107 928 4214 ordinata,
952 4122 1172 4225 presentem
1200 4105 1371 4194 oedulam
1393 4109 1502 4228 sigtttj
1525 4111 1645 4196 nostri
1665 4108 1863 4195 munimina
1882 4108 2043 4196 lecimus

263 4286 267 4294 -
413 4227 643 4342 eom-munirj.
763 4331 766 4338 Ι

329 4543 341 4564 ,
470 4473 550 4558 ·²l
579 4475 889 4543 Vid.·annotatiouom
906 4476 1069 4543 secundam
1087 4476 1126 4542 od
1140 4476 1275 4543 tabulam
1291 4475 1457 4544 nuntiant
1474 4476 1669 4564 praedictam.
1804 4489 1808 4498 ’
1939 4489 1943 4500 ·
2026 4467 2030 4474 “

515 4475 963 4730 ἱὲὶοὸῗιὶιῖξοέωιξιίιῃηιουῶξιρίἀιιω
986 4561 1173 4644 parochiale,
1195 4562 1377 4630 Coniuansis
1398 4563 1559 4654 territorii,
1580 4561 1759 4649 Ppsdrausis
1779 4568 1881 4630 autem
1895 4559 2042 4688 regionis,

414 4641 502 4714 uittae
