4800 5942
1130 725 1404 801 -322-

811 993 816 1004 Δ
1149 1089 1381 1206 CLlllllX.

512 1420 515 1428 ·
544 1383 842 1480 morenos,
868 1402 1025 1471 auno
1050 1327 1203 1465 rens
1231 1379 1284 1464 u.
1309 1377 1375 1462 rr
1401 1377 1603 1462 mo·
1629 1379 1983 1482 septemve.

512 1618 933 1696 wunsam-111.
947 1615 1173 1692 miurus
1185 1563 1289 1704 ioum
1302 1612 1450 1692 rouro
1463 1615 1561 1692 nos,
1581 1617 1708 1690 noun
1720 1615 2018 1709 somnusue

735 1719 739 1727 ’
761 1805 768 1811 ¹
888 1722 1025 1790 Moerico
1038 1717 1184 1810 villisque
1198 1714 1417 1812 obeuntibus
1429 1714 1573 1790 bsuibtt
1587 1717 1639 1804 (¹).

550 1960 786 2050 Windisleus
806 1959 868 2047 dei
883 1959 1015 2079 gracia
1034 1957 1121 2046 Rex
1143 1957 1313 2062 Pnlnnie,
1335 1953 1618 2072 bithwanieque
1637 1955 1824 2074 Princeps
1844 1957 2081 2075 Suppremus

449 2097 521 2170 etc.
571 2077 838 2198 Significcmus
858 2093 990 2166 tenore
1009 2077 1267 2194 presencium,
1300 2074 1440 2194 quibus
1456 2073 1608 2190 expedit
1627 2074 1832 2165 uniuersis:
1873 2072 2081 2188 Quomodo

448 2197 686 2286 attendentes
736 2211 816 2284 rate
835 2193 1022 2283 lidelitetis
1042 2192 1212 2284 surdioso
1233 2193 1438 2311 obsequie,
1466 2191 1600 2311 quibus
1620 2193 1851 2312 Magnificus
1871 2193 2010 2284 Petrus
2029 2192 2081 2284 de

450 2322 566 2418 Bmir,
601 2226 838 2404 Castellsous
872 2311 1108 2402 Gneznensis
1139 2311 1340 2430 megestnti
1366 2323 1496 2400 nostre
1517 2310 1762 2429 complacuit,
1793 2327 1830 2400 ct
1850 2312 1886 2400 in
1906 2313 2082 2418 futurum,
2180 2401 2186 2412 ,

446 2449 560 2524 ouctn
579 2429 766 2523 lidelitetis
781 2429 918 2537 studio,
939 2430 1177 2550 prestenciu's'
1194 2431 1331 2548 poterit
1349 2427 1601 2547 complacere,
1620 2429 1756 2520 borum
1776 2431 1907 2518 intuitu
1926 2431 2081 2548 cupictn

447 2564 507 2640 tes
537 2552 658 2666 ipsum
688 2551 903 2669 graciarum
919 2565 1146 2639 nostrarum
1174 2548 1353 2666 prosequi
1371 2545 1585 2652 fenoribus,
1615 2547 1724 2638 etad
1746 2547 1929 2665 obsequio
1949 2561 2083 2639 nostro

348 2693 357 2704 ‘
411 2718 414 2726 ·
447 2668 627 2760 continuo
658 2665 821 2754 reddere
850 2668 1119 2783 prnmcinrem:
1155 2663 1226 2780 sibi
1256 2666 1295 2754 in
1323 2680 1361 2754 et
1381 2677 1505 2783 'super
1535 2663 1650 2784 opido
1678 2671 1873 2764 Moesica,
1905 2664 2080 2798 villisque

447 2789 681 2896 Pozepowo,
706 2789 976 2896 Selouriryecz,
1010 2788 1170 2884 Crocon,
1202 2789 1426 2902 anonque,
1457 2783 1495 2870 in
1521 2780 1746 2875 districtibus¹
1766 2782 2020 2882 Pczneoienst
2040 2797 2082 2884 et

450 2899 629 2990 Contensi
648 2901 747 3007 sitis,
778 2913 926 2990 centum
947 2930 1097 2990 murcos
1116 2901 1291 2990 mnnetbe
1311 2915 1348 2992 ct
1368 2901 1512 2988 numeri
1532 2901 1804 3020 polonicelium,
1824 2897 2081 3020 quodraginta

432 3012 537 3108 'octo
556 3047 731 3138 grossos
761 3047 928 3106 marcam
958 3017 995 3106 in
1027 3018 1227 3138 quamlibet
1257 3017 1531 3136 computando,
1564 3018 1757 3126 dedimus,
1787 3015 2013 3106 domuimus
2045 3033 2084 3108 et

449 3149 581 3226 tencre
610 3138 848 3252 presencium
878 3135 1013 3230 damus
1033 3151 1071 3224 et
1090 3135 1294 3240 donemus,
1324 3137 1561 3226 inscribimus
1582 3151 1621 3222 et
1641 3137 1840 3255 largimur,
1872 3135 2082 3252 peripsum

448 3249 603 3338 Petrum
624 3269 661 3342 et
680 3255 798 3371 ipsius
817 3253 1019 3373 legittimus
1039 3282 1290 3344 successores
1311 3254 1513 3360 tenendos,
1538 3253 1754 3360 habendos,
1776 3251 2024 3358 utilruendes,
2045 3266 2084 3342 et

449 3367 611 3484 pacifice
629 3399 676 3458 sc
698 3371 842 3490 quiete,
871 3373 908 3460 in
929 3371 1108 3490 predictis
1129 3386 1277 3464 centum
1298 3373 1456 3476 marcis,
1475 3370 1740 3490 possidendos
1762 3410 1773 3432 ·
1795 3371 1890 3460 Cum
1911 3370 2084 3462 omnibus
2143 3389 2145 3392 ·

450 3500 489 3572 et
507 3487 667 3606 singulis
687 3489 887 3594 fructibus,
918 3488 1115 3595 censibus,
1147 3488 1373 3594 redditibus,
1397 3491 1642 3608 proueotibus
1663 3504 1701 3580 et
1720 3487 1946 3597 utilitatibus,
1967 3490 2085 3614 agris,

433 3605 586 3718 protis,
618 3607 781 3725 campis,
812 3609 985 3723 pascuis,
1016 3607 1141 3712 siluiS,
1171 3608 1316 3712 borris,
1346 3609 1584 3714 nemoribus,
1644 3609 1737 3725 eijs,
1768 3609 1940 3712 mericiS,
1971 3607 2085 3712 rubis,

449 3718 625 3853 roberte,
647 3721 790 3840 lluuijs,
826 3726 937 3829 riuis,
972 3725 1149 3830 lacubus,
1184 3727 1358 3841 piscinis,
1394 3727 1524 3837 cquis,
1555 3637 1797 3828 molendinis,
1828 3723 2082 3828 emolimentis,

449 3835 668 3952 oppendrjs,
698 3867 746 3928 cc
767 3840 1063 3934 nb'uencinnibus
1084 3843 1288 3932 uniuerssis
1307 3843 1390 3954 (sic)
1411 3843 1571 3949 tamdiu,
1600 3867 1798 3959 quousque
1818 3844 1896 3930 sibi·
1910 3857 1974 3928 out
1993 3869 2082 3928 snc-

452 3952 671 4044 cessnribus
692 3958 771 4046 suis
791 3957 997 4077 legittimis,
1019 3989 1089 4078 per
1108 3989 1179 4048 nos
1200 3975 1266 4080 eut
1285 3991 1533 4068 successores
1561 3978 1728 4068 nostros,
1747 3957 1914 4079 predicte
1927 3971 2084 4050 cenum

452 4097 581 4158 meroe
608 4069 742 4158 luerint
772 4077 965 4208 persolute
992 4076 1222 4197 integraliter
1243 4091 1347 4168 etex
1369 4093 1459 4168 toto.
1497 4079 1661 4194 ,Quibus
1681 4077 1840 4180 exolutis
1859 4077 1967 4190 (sic),
1993 4101 2084 4194 pcs·

453 4189 556 4301 sesio
577 4186 660 4299 (sic)
681 4188 782 4305 opidi
802 4207 839 4278 et
859 4195 1027 4284 villorum
1047 4194 1321 4314 predictorum,
1335 4196 1495 4294 -ndnns
1515 4212 1552 4285 et
1571 4197 1623 4286 od
1644 4223 1893 4304 successures
1923 4210 2085 4300 nostros,

453 4300 614 4390 reddibit
633 4303 716 4416 (sic)
737 4321 776 4396 et
794 4304 1019 4406 diwcluetur
1037 4313 1134 4428 (sic).
1185 4314 1425 4406 Steoinnibus
1445 4323 1571 4406 tomen
1589 4330 1628 4403 et
1641 4313 1790 4435 juribus
1810 4314 1951 4405 nostris
1969 4338 2083 4430 rego-

451 4419 560 4528 libus,
582 4421 619 4508 in
635 4424 806 4512 omnibus
827 4455 978 4544 semper
992 4432 1119 4522 saluis.
1163 4429 1310 4518 Horum
1326 4433 1537 4524 testimonio
1554 4433 1753 4539 literarum,
1773 4432 1910 4549 quibus
1924 4427 2086 4549 sigillum

551 4667 592 4754 (¹)
620 4669 670 4738 Ex
683 4669 846 4756 archetypo
861 4673 1095 4748 membranaceo
1111 4681 1141 4744 in
1156 4681 1347 4748 Vorsariensi
1362 4682 1512 4748 tnbnlerin
1530 4682 1652 4768 publico
1673 4681 1771 4766 Regni
1792 4681 1938 4748 Potonine
1952 4679 2009 4748 ΙΨ0
2023 4677 2087 4756 390,

452 4761 615 4850 esserunto.
653 4753 790 4842 Sigillum
802 4755 927 4822 minoris
939 4755 1065 4838 formae,
1079 4764 1208 4832 toeoinlo
1224 4785 1407 4851 pergameno
1424 4786 1589 4850 appensum
1604 4765 1695 4844 idem,
1710 4785 1771 4851 qun
1787 4763 1974 4834 Wledisluus
1988 4761 2086 4847 leget·

451 4836 569 4904 lonrdes
583 4837 735 4906 ntebutur.
770 4839 885 4907 Tubulo
902 4841 1046 4925 praeciso.
2135 4877 2139 4886 ¹
