4788 5926
1036 809 1082 824 -
1138 767 1311 844 137.-

281 985 287 992 “
364 973 628 1078 Cracoviensi,
654 970 951 1058 Sandomiriensi
987 984 1025 1057 et
1044 971 1263 1087 Syradiensi
1298 975 1414 1059 iratre
1434 985 1564 1058 nostro
1586 970 1802 1079 karissimo,
1834 971 1985 1060 tandem

362 1107 450 1211 post
484 1092 633 1180 habitos
668 1089 804 1175 multos
840 1091 1038 1195 terminos,
1078 1088 1215 1178 eodem
1245 1089 1358 1176 fratre
1393 1104 1524 1177 nostro
1545 1089 1655 1176 Duce
1675 1089 1866 1176 Lestcone
1887 1092 1985 1181 viam
2079 1091 2081 1096 ’

361 1212 538 1298 universe
574 1209 700 1296 carnis
736 1209 930 1326 ingresso,
962 1206 1095 1294 eadem
1133 1209 1391 1294 controversia
1414 1237 1541 1294 coram
1563 1207 1691 1312 nobb,
1724 1211 1785 1324 qui
1807 1207 1987 1296 eidemin

360 1325 512 1414 Ducatu
544 1325 765 1442 Syradiensi
796 1326 1072 1431 summimus,
1098 1325 1220 1412 ,extitit
1240 1323 1426 1414 devoluta.
1467 1325 1561 1412 Cum
1582 1340 1704 1418 autem
1726 1339 1814 1442 posi
1834 1326 1986 1414 dilacio·

361 1475 447 1544 nem
468 1445 664 1531 multorum
687 1445 945 1546 terminorum,
977 1443 1154 1530 terminus
1174 1441 1339 1558 prelixus
1361 1458 1398 1527 et
1418 1444 1689 1560 peremptorius
1706 1440 1987 1532 eidennbbati

361 1577 399 1650 et
420 1562 612 1679 ‘predictis
647 1557 823 1646 fratribus
859 1589 988 1646 coram
1024 1561 1133 1648 nobis
1154 1559 1285 1646 inisset
1315 1561 1556 1682 assignatus,
1587 1560 1755 1678 predicto
1777 1561 1927 1648 Abbate
1948 1564 1985 1650 in

343 1680 508 1797 'preirxo
529 1679 782 1798 peremptorio
804 1678 959 1766 termino
982 1697 1024 1765 se
1044 1679 1291 1794 personaliter
1312 1709 1439 1765 coram
1461 1679 1569 1765 nobis
1590 1692 1823 1795 presentate,
1845 1709 1985 1799 preno-

360 1799 485 1885 minati
506 1799 642 1896 iratres
659 1797 866 1900 Cristinus,
897 1796 1112 1916 Stephanus
1134 1811 1170 1881 et
1190 1794 1411 1882 Pretborius
1432 1798 1571 1914 inipso
1593 1799 1750 1884 termino
1770 1813 1984 1915 perempto-

359 1915 417 2004 rio
449 1943 523 2002 non
555 1929 834 2029 comparentes,
866 1930 1108 2001 contumaces
1142 1912 1302 2025 totaliter
1332 1915 1567 2014 exstiterunt,
1606 1944 1762 2036 quorum
1795 1931 1985 2004 contuma-

361 2033 460 2120 ciam
494 2029 591 2118 idem
628 2031 762 2117 Abbas
794 2061 923 2118 coram
959 2033 1069 2120 nobis
1100 2046 1137 2118 et
1157 2033 1294 2118 nostris
1316 2029 1528 2118 baronibus
1550 2033 1583 2119 in
1605 2033 1773 2154 generali
1796 2034 1985 2170 colloquio

359 2147 660 2266 proutdebuit,
685 2149 930 2264 multipliciter
960 2149 1147 2268 allegavit
1188 2145 1271 2235 Nos
1301 2148 1393 2235 vero
1425 2148 1603 2266 sepedicti
1625 2150 1785 2238 Abbatis
1805 2168 1985 2243 iusticiam
2131 2224 2135 2240 .

358 2265 614 2402 attendentes,
646 2279 685 2351 et
720 2297 767 2353 ex
789 2267 899 2352 certis
922 2267 1139 2468 priuyiegip's
1161 2266 1278 2400 ipsius
1299 2263 1755 2399 libbeus-agnoscentem
1788 2268 2021 2404 ‘lumbeas
2085 2365 2091 2377 f
2146 2363 2190 2391 4,
2299 2375 2302 2383 .

360 2381 447 2470 dem
468 2385 657 2472 hereditas
677 2389 862 2496 Lceynoac
883 2383 932 2470 ab
954 2415 1064 2471 micro
1114 2384 1230 2470 ucabs
1251 2413 1401 2499 semper
1416 2386 1495 2489 iurt,
1527 2401 1564 2470 et
1580 2387 1680 2503 quod
1697 2386 1817 2472 nuilus
1834 2385 1984 2472 mrbtum
2019 2434 2027 2466 r
2051 2382 2062 2450 ἲ
2169 2403 2171 2413 ·

361 2532 444 2589 eam
467 2532 641 2621 umquam
663 2503 742 2588 iure
762 2499 985 2588 hereditario
1006 2501 1177 2617 possedit
1197 2497 1367 2612 (sic)(³),
1400 2500 1448 2586 de
1469 2516 1599 2590 nostro
1621 2518 1658 2590 et
1674 2516 1886 2591 nostrorum
1907 2503 1985 2597 Ba-

359 2650 492 2707 rouum
513 2650 606 2707 vero
628 2619 782 2726 iudicio,
813 2619 934 2732 eidem
954 2618 1091 2706 Abbati
1114 2635 1150 2704 et
1165 2621 1392 2704 monasterio
1414 2632 1543 2704 nostro
1557 2618 1604 2704 de
1625 2621 1807 2738 Suiegew
1828 2619 1987 2710 eandem

358 2735 604 2824 hereditatem
635 2736 936 2856 appropriamus'
953 2735 1035 2822 iure
1056 2734 1278 2822 hereditario
1309 2750 1490 2852 perpetuo
1512 2737 1802 2853 possidendam,
1833 2741 1986 2855 prefatis

208 2939 215 2954 ,
358 2855 533 2944 iratribus
572 2853 756 2962 Cristino,
787 2851 982 2972 Stephano
1018 2870 1055 2942 et
1089 2853 1291 2940 Pretborio
1328 2869 1365 2940 et
1400 2884 1529 2941 eorum
1560 2855 1848 2942 successoribus
1869 2883 1985 2975 super

356 2971 456 3061 omni
477 2975 626 3059 actione
648 2989 684 3059 et
704 2971 958 3089 requisicione
986 2971 1085 3060 dicte
1107 2970 1321 3059 hereditatis
1342 2977 1527 3085 Lccyncw
1549 2988 1768 3090 perpetuum
1791 2975 1983 3063 silencium
2082 3077 2086 3084 ⁴

357 3089 591 3207 inponentes.
613 3088 684 3176 'Et
718 3101 758 3173 ut
777 3087 947 3206 predicta
969 3090 1092 3175 omnia
1113 3089 1231 3175 robur
1251 3090 1442 3177 obtineant
1461 3104 1643 3209 perpetue
1663 3091 1865 3195 firmitatis,
1895 3123 1982 3210 pre-

359 3221 487 3298 sentes
508 3207 651 3295 litteras
673 3205 860 3295 conscribi
880 3208 1056 3314 fecimus,
1088 3223 1124 3293 et
1145 3207 1253 3324 sigilii
1267 3210 1383 3295 nostri
1405 3209 1602 3294 munimine
1621 3209 1805 3297 roborari.
1847 3209 1982 3298 Actum

357 3327 595 3446 presentiens
626 3326 696 3412 bi's
718 3326 889 3414 testibus:
924 3325 1069 3414 Comite
1096 3323 1235 3412 Zavisa
1256 3326 1430 3413 Palatino
1452 3327 1691 3440 Syradiensi,
1724 3328 1875 3413 domino
1895 3328 1982 3443 oty-

357 3444 489 3531 cbaele
522 3357 759 3530 Canceliario
791 3441 1032 3560 Syradiensi,
1076 3441 1221 3528 Comite
1251 3442 1425 3528 Jobanne
1456 3442 1670 3544 Castaliano
1693 3445 1981 3560 Spycimiriensi,

358 3559 506 3647 Comite
536 3561 681 3648 Thoma
715 3558 931 3647 Casteiiano
951 3559 1011 3643 'de
1041 3567 1227 3670 Rospra,
1251 3559 1395 3643 Comite
1416 3559 1585 3674 Mscysio
1608 3558 1728 3646 iudice
1750 3557 1981 3675 Syradiensi,

356 3675 504 3766 Comite
524 3677 698 3765 dobanne
720 3676 1012 3763 Subcamerario
1029 3676 1058 3764 S
1087 3673 1259 3762 radiensi.
1292 3675 1430 3763 Datum
1446 3679 1482 3762 in
1497 3683 1700 3763 Petricooio
1715 3676 1807 3764 inira
1824 3691 1980 3769 octavas

353 3795 453 3884 beati
484 3795 675 3912 Stanisiaij
705 3795 887 3900 martiris,
902 3822 1016 3928 ,anno
1045 3705 1413 3902 dbminiliiiiiesimo
1444 3795 1699 3884 ducentesimo
1729 3799 1980 3916 nonogesimo

354 3912 436 4028 (sic)
456 3915 589 4032 primo.
689 3935 692 3940 ·
730 3939 733 3948 ·

349 4130 390 4212 'lia
405 4147 593 4231 agitabatur,
614 4149 734 4214 alinae
748 4151 887 4217 Laaoona
902 4148 1045 4217 danaum
1060 4169 1128 4216 essa
1142 4148 1252 4216 doceat
1273 4149 1411 4216 continua
1468 4169 1487 4213 a
1508 4155 1608 4214 totum
1631 4149 1794 4233 quamdam
1816 4145 1980 4222 uerborum

353 4235 581 4330 contextumad
593 4231 717 4298 verbum
731 4235 861 4311 etabuia
874 4235 943 4320 anni
956 4235 1035 4299 tant
1050 4233 1413 4323 depromptum-quum
1451 4234 1559 4328 auique
1574 4232 1642 4298 tatis
1655 4233 1696 4328 sit
1709 4235 1866 4302 nominum
1883 4240 1980 4306 Motu·-

353 4313 432 4380 tom
447 4324 479 4381 at
491 4317 660 4391 meabat,
675 4315 819 4402 Loncyno
833 4319 928 4402 tquod
942 4318 1059 4384 scitioet
1073 4337 1158 4383 mora
1173 4321 1299 4405 antiquo
1315 4338 1369 4401 per
1379 4317 1592 4399 compendium
1608 4317 1769 4405 „Loeyno”
1783 4322 1981 4408 scribebatur)

354 4405 386 4464 et
406 4399 558 4487 mquam
580 4401 735 4476 vicinitas,
763 4409 799 4465 ut
820 4401 908 4466 iaeiie
933 4403 1061 4467 aiterum
1088 4423 1158 4467 cum
1180 4402 1275 4467 attero
1300 4423 1317 4466 a
1338 4401 1578 4466 describentibus
1600 4402 1727 4469 confusa
1749 4404 1842 4470 inissa
1864 4409 1979 4473 censeri

396 4494 584 4584 aautfflnon
595 4484 711 4560 dubito,
724 4485 756 4582 iu
768 4485 869 4583 tabula
884 4493 989 4583 nostra
1004 4486 1043 4584 da
1057 4486 1124 4552 viiia
1137 4486 1252 4584 hyeme
1267 4487 1324 4582 agi,
1340 4493 1518 4584 patremque
1531 4495 1680 4584 aetorum,
1695 4488 1815 4586 (iristini
1831 4489 1980 4588 uidaiicat,

354 4567 1360 4752 ,mittut'tiit‘[tutti-,tiitttttiittttt
1370 4569 1728 4752 itttttitbott
1737 4571 1978 4752 ttitttitt

349 4756 414 4824 Jam
429 4757 496 4824 pag.
515 4739 592 4803 13⁸⁸
609 4740 822 4816 indicavimus,
846 4740 1025 4804 anonim
1040 4738 1204 4822 Sbigneum
1217 4738 1423 4804 Castalianum
1438 4740 1641 4805 Siradrensem
1655 4747 1823 4823 reputasse,
1846 4743 1899 4810 aad
1914 4765 1975 4810 non

353 4822 540 4910 prosperiori
556 4833 666 4889 mmor
682 4843 770 4888 orum
786 4843 862 4900 eoae,
876 4825 980 4890 tabuia
995 4824 1116 4887 doctiss.
1131 4822 1351 4910 Stronoayriscii
1366 4825 1464 4889 docet.
1823 4861 1825 4868 ,
2094 4873 2098 4883 .

454 4906 493 4991 (³)
515 4908 688 4989 Verborum
702 4907 947 4991 uiprantem
961 4908 1174 4976 contextuede
1185 4909 1289 4976 noua
1302 4910 1358 4978 Νῐθ
1367 4907 1525 4974 mitit
1537 4906 1701 4992 pmamina
1710 4907 1910 4998 depromptus
1920 4922 1978 4982 aar.
2091 4964 2103 4974 .
