4800 5942
1023 717 1297 792 -oot-

196 966 200 982 .
348 919 509 1030 aliqumn
539 917 841 1035 ambiguitatem,
872 916 931 1004 uel
962 915 1125 1028 aliquam
1155 917 1394 1012 ooossionem
1425 917 1507 1029 (sie)
1538 918 1726 1022 iaoereut,
1757 919 1978 1012 reiteremus

348 1035 500 1124 labores
520 1037 556 1122 in
577 1035 653 1150 bijs'
670 1034 841 1150 seriptiS,
867 1031 968 1146 quod
990 1033 1130 1122 debent
1149 1065 1261 1122 arare
1281 1049 1355 1122 tam
1377 1034 1428 1122 ad
1449 1035 1633 1138 estiualia,
1655 1059 1766 1146 quam
1787 1037 1906 1126 eniam
1926 1031 1978 1126 ad

346 1152 518 1270 yemalia,
529 1165 640 1269 prata
651 1153 778 1240 omnia
789 1151 942 1254 lalcare,
952 1167 1129 1257 rastrare,
1141 1153 1264 1240 ionum
1280 1153 1508 1241 alliamenta
1524 1150 1573 1240 ad
1591 1150 1755 1240 alodium
1766 1153 1847 1264 (sio)
1863 1153 1977 1246 duoo·

347 1271 493 1374 resina
506 1268 605 1358 omni
620 1284 752 1360 nostra
764 1298 867 1356 euna
891 1267 941 1357 Et
956 1269 1027 1358 beo
1043 1269 1252 1358 ooneordia
1265 1271 1365 1358 laeta
1383 1286 1580 1359 estooram
1593 1267 1979 1360 Nobilibusvidelieet:

346 1387 500 1476 domino
521 1385 617 1472 Pbal
639 1386 688 1473 de
709 1392 902 1500 Stouyaer,
922 1385 1066 1474 Mathia
1087 1387 1323 1506 Ppobodzye
1343 1387 1439 1499 (eleb
1460 1400 1499 1476 et
1518 1387 1690 1478 diseretis
1705 1388 1804 1478 viris:
1824 1385 1978 1478 domino

348 1504 471 1592 Paulo
490 1502 647 1598 Vitario
668 1503 876 1610 inibidem,
911 1504 1057 1594 Mathia
1076 1504 1125 1592 de
1145 1511 1337 1592 Lleneieiu
1356 1506 1463 1596 soole
1483 1522 1632 1595 metere
1652 1504 1801 1610 ibidem,
1823 1507 1977 1598 ceteris-

346 1646 421 1734 que
441 1621 565 1708 multis
583 1619 659 1708 fide
679 1621 818 1741 digeris.
869 1619 920 1708 Ut
938 1637 1063 1710 autom
1085 1622 1157 1710 beo
1177 1623 1383 1712 coneordia
1404 1623 1637 1712 stabilitatem
1668 1623 1825 1726 babeat,
1856 1621 1978 1715 eidem

346 1739 509 1856 sigillum
529 1755 710 1845 nostrum,
733 1766 809 1852 quo
830 1741 964 1853 utimur
983 1739 1033 1828 ad
1056 1741 1152 1844 talia,
1172 1740 1432 1858 appendimus.
1472 1742 1608 1828 [latum
1631 1741 1820 1830 nostruin
1842 1739 1977 1830 Mona-

347 1860 462 1944 sterio
484 1856 624 1944 Sanota
643 1857 766 1944 lllarie
785 1855 1019 1976 lllagdaleno
1035 1874 1144 1954 exoa
1166 1886 1294 1946 muros
1314 1865 1520 1956 Ploeeueur,
1542 1859 1634 1946 laria
1654 1873 1787 1968 quarta
1807 1859 1978 1974 proxima

346 1987 435 2062 aute
450 1973 735 2064 Purtfieeetmis
751 1975 894 2064 &uela
908 1974 1031 2066 Mario
1046 1978 1214 2095 virginis,
1235 1977 1307 2064 sub
1321 1961 1421 2066 adon
1437 1976 1577 2066 domini
1596 1973 1978 2066 lll⁰CCCC⁰XLlX⁰.

988 2253 1300 2416 ,surmus
1428 2357 1431 2364 -

512 2558 849 2653 onocoetae,
876 2576 1033 2642 enee
1057 2554 1207 2640 1452
1223 2558 1286 2641 u.
1314 2555 1386 2641 ea
1413 2503 1819 2642 menusanum

388 2757 515 2832 neuun
534 2758 796 2828 «Iohannes
817 2755 857 2829 tte
880 2757 1042 2834 Veniam,
1064 2697 1300 2827 Montana
1322 2756 1362 2828 uta
1385 2758 1477 2823 Betis
1499 2757 1534 2829 et
1554 2756 1594 2828 du
1617 2757 1745 2835 curun,
1766 2755 1937 2850 tdelrtent
2077 2805 2079 2810 -

324 2876 327 2884 ·
473 2857 715 2930 munstre
728 2856 808 2948 regi
822 2855 966 2930 totuniue
980 2873 1038 2948 pru
1053 2855 1177 2929 bethta
1191 2855 1311 2930 tudano
1326 2855 1577 2930 attutoueatore
1590 2856 1786 2948 teupuliouui
1801 2859 1853 2942 (¹).
2012 2875 2019 2888 ¹

415 3073 424 3093 '
448 3073 533 3164 Nos
547 3077 742 3164 Johannes
758 3077 807 3162 de
831 3083 1053 3164 We'setoieze
1068 3077 1180 3164 heres
1197 3091 1233 3162 et
1251 3077 1490 3166 Castellanus
1505 3075 1777 3193 LeopoliensiS,
1797 3071 1980 3164 Nioolaus

347 3195 398 3284 de
414 3199 538 3309 aalys
553 3206 590 3282 et
606 3199 754 3295 Cze‘roo,
776 3193 1035 3316 significamus
1051 3209 1182 3282 tenore
1198 3197 1444 3312 presencium,
1467 3194 1602 3314 quibus
1618 3191 1770 3308 expedit
1784 3193 1979 3281 uniuersis:

348 3313 556 3428 Quomodo
577 3313 829 3400 Serenissirno
849 3311 1015 3432 Prinoipi
1037 3328 1073 3400 et
1089 3311 1239 3398 domino
1256 3310 1406 3400 domino
1427 3311 1630 3415 Kazimiro,
1651 3311 1710 3397 dei
1726 3312 1858 3430 gracia
1877 3310 1982 3430 Regi

264 3487 270 3504 ,
347 3432 518 3536 Pulonie,
540 3429 686 3552 Magno
699 3431 800 3521 Daoi
814 3429 1023 3520 Lithwanie
1040 3445 1110 3522 ete.
1126 3428 1281 3518 domino
1296 3447 1425 3518 nostro
1440 3431 1738 3550 graciosissioro,
1755 3459 1829 3522 non
1846 3431 1980 3530 eoacti,

347 3579 423 3638 aon
445 3550 645 3664 compulsi,
671 3579 795 3668 neque
815 3547 942 3666 aliquo
963 3547 1053 3636 dolo
1074 3564 1138 3635 aut
1158 3547 1289 3634 fraude
1310 3548 1564 3664 oiroumventi,
1582 3544 1650 3634 sed
1672 3561 1816 3634 matura
1838 3543 1979 3636 delibe-

346 3667 502 3768 racione
522 3666 709 3756 internos
730 3666 925 3783 prehabito
945 3697 1015 3786 pro
1036 3663 1187 3752 Natbko
1304 3652 1713 3772 deet'tseettineerere
1733 3667 1978 3778 Leopolieusi,

347 3783 476 3872 intuitu
503 3781 590 3902 diotj
620 3777 828 3890 theolonei,
859 3815 927 3903 per
956 3787 1077 3902 ipsum
1146 3796 1185 3872 at
1212 3783 1260 3870 lro
1288 3781 1339 3870 ad
1367 3781 1467 3872 duos
1494 3812 1637 3888 annos,
1669 3812 1714 3870 se
1740 3782 1914 3870 continue
1942 3794 1979 3866 et

346 3896 545 3990 inmediate
576 3917 798 4036 sequentes,
835 3901 1007 3991 arendati
1042 3916 1079 3992 et
1109 3902 1304 4009 conventi,
1341 3900 1418 3989 duo
1449 3901 1546 3989 inilia
1564 3929 1791 3988 marearum
1820 3893 1978 4014 pecunie
2078 4006 2080 4012 Ι
2123 3959 2128 3970 ,

347 4019 485 4108 minute
512 4019 689 4124 valentis,
719 4021 862 4110 numeri
893 4036 929 4110 et
948 4035 1097 4126 monete
1117 4017 1401 4138 polonioalium,
1434 4017 1684 4142 quadraginta
1706 4029 1978 4136 oetogrossus
2096 4128 2098 4132 Ι

348 4133 385 4221 in
402 4133 604 4254 quamlibet
622 4167 789 4226 marram
812 4139 1078 4256 computando,
1126 4166 1167 4226 er
1186 4137 1309 4227 dictos
1326 4138 1424 4224 duos
1439 4166 1561 4226 annos
1577 4133 1813 4236 coniunctim,
1834 4128 1978 4252 diuisim

347 4281 440 4352 uero
461 4248 558 4340 mille
578 4255 728 4342 mareas
749 4284 818 4343 sue
839 4257 1028 4342 serenitati
1049 4170 1144 4342 sollri
1166 4253 1373 4372 obligatas,
1404 4251 1656 4340 fideiussimus
1684 4265 1722 4340 et
1741 4249 1978 4370 presentibus

347 4365 606 4484 fideiubemus,
626 4371 697 4459 sub
718 4367 794 4460 fide
815 4369 1016 4466 ethonore
1037 4371 1186 4476 nostris,
1208 4401 1339 4459 omnes
1362 4398 1473 4457 manu
1495 4369 1693 4474 coniuncta
1714 4382 1751 4457 et
1770 4366 1978 4480 insolidum,

343 4516 397 4588 ao
417 4519 513 4578 unus
534 4517 604 4604 pro
624 4487 699 4576 alio
720 4479 969 4610 principalem
982 4487 1190 4592 debitorem
1211 4518 1254 4573 se
1275 4487 1462 4604 ponendo.
1513 4485 1668 4605 Sisque:
1690 4483 1804 4606 quod,
1825 4479 1977 4599 quando

390 4767 392 4770 ·
450 4735 492 4820 (Ι)
519 4737 568 4804 Ex
589 4737 753 4823 armatppe
774 4709 1009 4807 membranaeeo
1029 4735 1236 4806 Veneriensis
1250 4735 1390 4804 tabularii
1405 4737 1516 4822 publici
1537 4737 1635 4833 Regni
1653 4732 1805 4833 Pelopiae
1821 4731 1878 4799 111ο
1895 4731 1974 4799 utut
2062 4701 2063 4704 Ἴ

350 4819 543 4908 descriptum.
578 4821 657 4887 Huie
671 4823 793 4890 tabulae
807 4823 865 4890 triu
879 4822 975 4907 sigilla
991 4830 1078 4890 erant
1092 4841 1241 4912 uppepse,
1262 4828 1298 4888 ut
1312 4842 1350 4888 ex
1364 4822 1461 4888 tribus
1476 4821 1614 4892 taeniolis
1632 4837 1822 4974 pergumeppp
1842 4825 1977 4903 apparet
