4780 5922
949 739 1293 836 '-reu-

339 965 399 1051 dei
420 966 544 1084 gratia
564 964 650 1052 Rex
670 963 872 1069 poloniae,
901 991 973 1050 nec
992 990 1070 1049 non
1091 976 1273 1049 terrarum
1297 961 1528 1066 Cracoviae,
1561 961 1839 1071 Sandomiriae,
1868 961 1968 1053 Lan-

337 1085 466 1188 ciciae,
489 1081 671 1198 Cujaviae
691 1080 939 1199 Sii'adiaeque
962 1079 1067 1184 Dux,
1098 1080 1149 1168 ad
1168 1080 1336 1170 notitiam
1355 1081 1608 1199 praesentium
1631 1111 1743 1198 quam
1764 1085 1970 1170 futurorum

338 1201 510 1288 volumus
542 1198 739 1286 devenire:
782 1199 885 1318 quod
915 1213 1121 1316 proventus
1159 1213 1195 1286 et
1225 1196 1394 1285 redditus
1426 1199 1586 1286 civitatis
1616 1213 1773 1286 nostrae
1802 1200 1970 1288 Radzie-

332 1318 517 1436 joviensis
548 1319 741 1435 cupientes
770 1347 918 1436 augere
954 1333 990 1404 et
1018 1316 1268 1434 mamiliano,
1305 1315 1447 1409 civibus
1478 1317 1619 1408 nostris
1650 1315 1788 1406 ibidem
1818 1318 1970 1424 damus,

338 1433 582 1523 concedimus
614 1450 652 1522 et
672 1437 899 1523 conlerimus
927 1465 1039 1521 unum
1065 1433 1316 1522 molendinum
1337 1434 1512 1524 ventuale
1532 1450 1618 1522 aute
1640 1436 1823 1522 civitatem
1844 1436 1971 1523 aedili-

254 1591 257 1598 ²
338 1581 440 1658 care,
460 1581 603 1670 pascue
624 1555 749 1640 omnia
770 1556 872 1640 eirca
893 1556 1012 1759 ipsam
1034 1555 1225 1642 civitatem·
1239 1579 1324 1640 arm
1345 1553 1544 1672 paludibus
1561 1552 1834 1671 adjacentibus,
1856 1553 1971 1640 libere

339 1685 377 1756 et
397 1666 554 1786 pacifice
574 1701 644 1789 pro
666 1671 743 1759 suis
766 1671 905 1761 utilitati
934 1701 979 1760 us
1001 1673 1193 1792 quaejam
1215 1683 1326 1794 sunt,
1353 1685 1417 1760 aut
1448 1673 1484 1758 in
1498 1673 1663 1762 'futurum
1690 1685 1815 1780 erunt,
1832 1673 1903 1760 eis
1924 1703 1972 1759 ac

338 1817 468 1875 eorum
490 1789 976 1992 legitimissueeessoribus
997 1791 1274 1910 inperpetuum
1296 1789 1514 1910 possidere,
1547 1791 1598 1875 ita
1619 1805 1753 1894 tamen,
1776 1790 1971 1908 quod'nos

338 1921 486 1994 sextum
544 1910 710 1998 enarium
731 1908 893 1997 utilitatis
915 1909 963 1997 de
984 1909 1178 2027 praedicto
1199 1905 1414 1997 molendino
1434 1910 1736 2026 provenientem,
1768 1923 1805 1994 et
1825 1921 1973 1996 sextum

189 2041 192 2048 “
339 2021 614 2114 denariumde
645 2029 772 2154 agris,
804 2029 837 2117 si
859 2056 956 2147 quos
978 2029 1012 2113 in
1034 2028 1125 2144 ipsis
1145 2028 1298 2145 paScuis
1318 2027 1501 2143 praedicti
1522 2028 1625 2114 cives
1646 2027 1765 2114 nostri
1785 2028 1973 2116 araverint
2078 2107 2085 2118 .

339 2169 407 2228 seu
430 2141 611 2232 coluerint
631 2175 701 2262 pro
722 2145 833 2234 nobis
855 2161 891 2232 el
912 2146 1201 2234 successoribus
1222 2146 1359 2233 nostris
1379 2145 1550 2265 legitimis
1572 2144 1774 2232 heredibus
1796 2172 1972 2232 reserva·
2109 2216 2116 2229 ,

338 2289 443 2367 mus;
475 2291 586 2378 quem
607 2261 800 2350 denarium
821 2261 948 2349 datum
967 2279 1079 2379 prout
1099 2293 1321 2378 expressum
1342 2276 1416 2362 est,
1447 2263 1516 2380 ipsi
1539 2263 1643 2352 cives
1664 2263 1782 2350 nostri
1804 2263 1913 2350 nobis
1935 2271 1972 2347 et

340 2379 629 2466 suecessoribus
656 2381 797 2468 nostris
828 2379 985 2500 singulis
1006 2382 1114 2468 annis
1136 2393 1304 2498 tempore
1324 2377 1472 2483 debito,
1501 2380 1599 2466 sicut
1618 2379 1712 2466 alias
1733 2410 1872 2466 census
1894 2379 1972 2466 sol·

340 2495 446 2610 vitur,
476 2497 707 2618 integraliter
736 2498 970 2616 persolvant
1006 2495 1057 2584 Et
1078 2497 1256 2615 deinceps
1278 2499 1399 2614 ipsum
1419 2495 1691 2604 molendinum,
1721 2526 1867 2614 pascua
1888 2527 1972 2584 cum

366 2611 537 2700 aludibus
559 2627 596 2702 et
616 2615 943 2732 omneslutilitates
963 2617 999 2702 in
1020 2630 1240 2732 perpetuum
1263 2629 1300 2700 et
1316 2615 1439 2734 quiete
1459 2613 1692 2732 paciliceque
1713 2613 1971 2733 possidebunt.

338 2643 381 2816 ln
417 2731 524 2847 cujus
560 2733 614 2820 rei
649 2733 896 2820 testimonium
932 2748 969 2820 et
1000 2731 1221 2824 evidentiam
1258 2732 1484 2850 pleniorem,
1521 2733 1757 2848 praesentem
1793 2731 1973 2852 peginam

339 2849 528 2936 conscribi
557 2851 713 2938 lecimus
745 2866 782 2937 et
802 2850 927 2970 sigillo
946 2864 1079 2938 nostro
1098 2849 1220 2972 regali
1235 2847 1423 2940 roborari.
1476 2850 1613 2938 Actum
1635 2849 1736 2985 apud
1763 2845 1973 2964 Ossyrz(²)

339 2966 431 3051 lerla
453 2967 580 3083 quinta
600 2981 690 3103 post
710 2965 808 3055 diem
829 2970 964 3056 beatae
984 2967 1125 3057 Luciae
1145 2969 1311 3104 virginis,
1331 2998 1432 3057 anno
1454 2966 1594 3056 domini
1613 2961 1812 3055 Mrllesimo
1829 2983 1973 3054 trecen·

341 3081 473 3170 tesimo
488 3085 673 3202 vigesimo
690 3085 870 3174 seeundo.
902 3086 1173 3188 Praesentibus
1189 3087 1246 3176 lus
1262 3084 1435 3174 fidelibus
1452 3085 1600 3174 nostris:
1622 3084 1739 3172 Petro
1757 3083 1974 3173 Castellano

340 3198 646 3312 Sandomiriensi,
666 3201 860 3290 leschone
875 3202 952 3291 filio
966 3201 1250 3324 Buaywagylll
1261 3201 1317 3316 (³)
1337 3202 1517 3321 Dapilero
1536 3201 1793 3304 Cracoviensi,
1816 3201 1973 3290 Alberto

340 3317 441 3406 dioto
474 3319 676 3410 Costellicz
706 3322 966 3439 Subpineerua
995 3322 1230 3441 Cujaviensi,
1251 3321 1465 3408 llmithone
1487 3337 1524 3407 et
1543 3318 1807 3438 Tiluysone(‘l)
1829 3321 1973 3406 civibus
2064 3305 2102 3372 Χ*

342 3437 391 3524 de
410 3445 611 3526 Brzeszez.
651 3439 789 3528 Datum
810 3471 879 3558 per
899 3469 1032 3528 manus
1061 3439 1163 3528 Petri
1186 3439 1368 3526 Canonioi
1390 3438 1658 3526 Craooviensis
1678 3451 1718 3524 et
1738 3431 1972 3526 Subcanoel-

342 3557 420 3642 larii
442 3557 569 3676 curiae
588 3571 754 3644 nostrae.
1024 3571 1026 3576 '
1347 3597 1351 3604 ·

444 3808 480 3892 (²)
510 3807 616 3874 Oetaea
628 3808 711 3894 Μὶν
726 3815 759 3873 et
773 3803 878 3877 ome
892 3805 999 3883 atellei,
1014 3775 1093 3872 dune
1107 3811 1179 3873 aunt
1192 3803 1279 3872 villae
1294 3805 1325 3870 in
1338 3759 1446 3891 Regno
1461 3804 1607 3873 Pelopiae
1619 3801 1780 3890 parochiae
1794 3767 1972 3870 Bouierien·

340 3896 391 3972 ais,
407 3893 596 3991 Cujaviensip
610 3893 771 3992 territorii,
786 3891 962 3992 'Brestensis
977 3900 1079 3959 autom
1095 3889 1253 3992 regiopis,
1268 3889 1407 3992 quaahie
1422 3889 1629 3990 intelligapdaa
1644 3911 1727 3988 esse,
1749 3909 1788 3988 ex
1799 3887 1974 4038 praesentia
2117 3951 2119 3956 .

342 3979 473 4048 duorum
486 3979 625 4044 Brcstrue
639 3985 768 4044 mvrtatn
784 3978 953 4045 rneolarum
968 3984 1000 4043 at
1013 3977 1270 4064 lladzreJovrensrs
1284 3976 1389 4064 oppidu
1404 3983 1645 4064 propinquitate,
1666 3973 1753 4040 laorla
1766 3995 1797 4038 m
1819 3993 1867 4039 uer
1883 3991 1973 4058 possa
1990 4014 1998 4026 -

342 4071 427 4149 pm
446 4147 481 4228 (³)
510 4146 674 4212 romanu

343 4230 458 4296 dictum
467 4230 623 4296 Noadracla
633 4167 812 4316 utiliorum
824 4230 1054 4298 cracoviensem
1066 4230 1170 4308 luisse,
1181 4230 1283 4296 tabula
1295 4230 1326 4296 in
1335 4229 1485 4295 tabulario
1496 4227 1626 4314 Gapibtli
1638 4227 1781 4295 ecclesiae
1793 4223 1973 4292 cathedralia

343 4311 552 4382 cracoviensis
566 4322 717 4380 asservata
732 4316 830 4380 dccet.

736 4169 825 4232 copy
836 4154 1024 4231 corruptum,
1034 4146 1228 4231 „Boztoopo”
1238 4144 1399 4231 legandum
1411 4165 1479 4210 esse
1490 4145 1607 4210 densae
1621 4140 1973 4208 unnottttuttertum
2062 4205 2069 4217 ,
