4800 5942
1000 679 1180 756 ...339
1231 721 1280 734 .-

1065 944 1211 1164 'oxo
1244 1199 1254 1222 κ

350 1244 353 1252 ’
507 1309 1207 1410 moeomnmnnouco
1235 1284 1790 1421 aromatiten.
1864 1299 1866 1307 '
2002 1405 2006 1422 ,

376 1511 648 1589 vnlnlrue
661 1515 729 1591 ltux
742 1513 888 1589 roloniae
904 1515 1019 1607 oppido
1034 1515 1162 1584 Bouto
1176 1515 1207 1588 ln
1221 1513 1316 1591 torro
1328 1517 1521 1610 leopolionrl
1537 1515 1610 1607 rito,
1623 1511 1817 1610 priuilegium
1825 1515 1909 1610 lule

646 1689 648 1694 .
736 1725 741 1734 Ι
792 1617 981 1691 ’baudai
994 1615 1269 1709 lmtetugmsir
1283 1619 1415 1709 rugitu
1428 1620 1478 1704 (¹).

384 1855 387 1863 ·
427 1836 469 1923 ln
491 1838 640 1925 nomino
660 1837 810 1943 domini,
831 1865 952 1925 amen.
996 1836 1060 1926 Ad
1081 1855 1298 1957 perpetuam
1320 1840 1374 1926 rei
1395 1840 1624 1927 memoriam.
1674 1838 1880 1928 Casimirus
1901 1840 1960 1929 dei

326 1955 448 2073 gratia
479 1953 566 2042 Rex
596 1955 776 2060 Polonie,
807 1983 880 2042 neo
901 1985 976 2044 non
997 1969 1182 2042 terrarum
1209 1957 1398 2045 Crauouie
1419 1972 1489 2043 eto.
1541 1955 1808 2075 Signifioamus
1830 1970 1960 2045 tenore

326 2085 400 2160 eto.
433 2071 639 2186 Quomodo
659 2074 831 2161 volentes
853 2073 954 2190 opidi
976 2075 1092 2162 nostri
1112 2081 1288 2176 Bobrlrc,
1309 2076 1345 2162 in
1366 2075 1486 2160 Terra
1507 2072 1747 2190 Leopoliensi
1768 2075 1847 2179 siti,
1868 2099 1960 2164 oon-

326 2188 501 2277 ditionem
518 2191 645 2276 lacere
660 2191 864 2299 meliorom3
886 2194 1007 2308 ipsum
1029 2192 1177 2306 dejure
1193 2193 1381 2310 polonico,
1404 2218 1471 2278 seu
1487 2195 1656 2279 rutenico
1673 2194 1861 2310 etquovis
1876 2194 1962 2296 alio,

325 2308 443 2510 inpos
465 2307 716 2396 theutonicum
745 2311 1083 2427 transponimustet
1104 2311 1359 2396 transferimus
1373 2323 1568 2426 ‘perpetuo
1590 2307 1827 2414 duraturum,
1860 2309 1962 2444 qnod

326 2449 363 2516 Vt

319 2543 408 2658 jura
429 2543 624 2660 polonica,
655 2544 847 2630 ruthenico
868 2558 906 2630 et
927 2546 1059 2661 quevis
1080 2540 1172 2650 alia,
1204 2543 1340 2631 modos
1355 2581 1357 2586 ·
1371 2539 1408 2631 e't
1430 2542 1722 2630 consuetudines
1752 2543 1962 2647 universes,

327 2686 402 2778 ipre
434 2662 555 2777 ipsum
578 2663 645 2778 jus
675 2660 925 2748 theutonicum
957 2661 1174 2779 plerumque
1205 2661 1426 2777 perturbare
1456 2674 1753 2764 consueuerunt,
1786 2673 1823 2746 et
1852 2660 1962 2754 solita
2035 2759 2041 2768 Χ

327 2791 424 2864 sunt.
469 2776 675 2866 Eximirnus
696 2779 859 2894 insuper,
892 2767 1123 2865 absoluimus
1144 2794 1181 2872 et
1200 2793 1383 2894 perpetue
1403 2777 1603 2866 liberamus
1626 2805 1757 2864 omnes
1779 2776 1819 2862 et'
1836 2778 1964 2896 singu·

326 2893 386 2981 los
407 2894 509 3010 opidi
525 2895 670 2982 incolas
685 2895 853 3099 predicti,
875 2894 1073 3010 opidanos,
1095 2897 1144 2982 ab
1161 2898 1259 2982 omni
1275 2894 1511 3012 jurisditione
1528 2908 1566 2982 et
1578 2907 1777 3010 potestate,
1800 2897 1963 2980 omnium

327 3009 456 3127 Regni
487 3014 605 3100 nostri
635 3039 685 3127 pa
727 3014 808 3098 tinis
830 3014 912 3123 (sio)
938 3012 1167 3114 castellanis
1200 3017 1488 3129 sucoamerarijs
1520 3025 1557 3098 et
1578 3012 1801 3126 capitaneis,
1825 3009 1963 3126 jodici-j

261 3171 265 3180 -
326 3127 419 3231 bus,
450 3125 727 3243 subjtrdioibus,
758 3140 797 3215 et
815 3127 1008 3244 quibusvis
1030 3125 1252 3214 officialibus
1284 3142 1320 3215 et
1340 3128 1638 3216 ministerialibus
1666 3125 1891 3213 eorundem:
1924 3143 1965 3214 ttt

327 3265 459 3332 coram
480 3247 589 3362 ipsis,
610 3259 676 3331 aut
696 3246 862 3362 ipsorum
883 3247 1020 3362 aliquo,
1041 3246 1259 3360 pro'causis
1278 3261 1355 3332 tarn
1371 3247 1542 3365 magnis,
1564 3266 1676 3356 quarn
1697 3243 1841 3360 paruis,
1863 3260 1963 3361 puta:

327 3362 432 3468 lorti,
463 3364 676 3482 sanguinis,
708 3362 886 3479 incendij‚
908 3362 1113 3479 homicidij,
1134 3364 1386 3449 membrorum
1406 3363 1661 3464 mutilationis,
1683 3383 1752 3446 seu
1772 3361 1964 3472 quibusvis

327 3481 411 3593 olijs
440 3482 656 3567 enormibus
682 3481 923 3591 excessibus,
955 3482 991 3566 in
1016 3495 1193 3592 quantum
1215 3479 1328 3566 uittati
1348 3483 1492 3584 luerint,
1514 3479 1662 3564 minime
1682 3477 1964 3592 respondebunt

327 3595 422 3707 (sic),
443 3621 516 3681 neo
535 3597 681 3708 aliquas
702 3623 829 3714 penas·
839 3597 990 3683 soluere
1006 3598 1238 3684 tenebuntur.
1269 3596 1348 3682 Sed
1365 3599 1434 3714 ipsi
1452 3594 1603 3713 opidani
1624 3593 1662 3680 et
1677 3595 1811 3700 incole,
1833 3619 1963 3682 oorarn

328 3713 440 3800 nobis
469 3713 531 3799 vel
552 3741 623 3800 suo
645 3711 855 3819 aduocato,
890 3712 1102 3800 aduocatos
1122 3740 1216 3801 vero
1236 3741 1366 3800 coram
1386 3711 1573 3802 nobismet
1594 3713 1653 3800 vel
1668 3707 1803 3829 juditio
1823 3728 1964 3815 nostro,

329 3829 417 3948 dnm
440 3846 562 3918 tamon
583 3859 652 3948 per
671 3829 821 3917 literam·
836 3847 1024 3942 nostram,
1055 3832 1178 3951 sigillo
1201 3847 1333 3919 nostro
1354 3829 1584 3951 sigillatam,
1599 3832 1750 3918 oittatus
1771 3831 1896 3916 luerit:
1928 3841 1966 3915 et

229 3957 234 3962 '
328 3949 405 4036 boo
423 3950 457 4034 si
478 3951 514 4036 in
536 3947 731 4038 reddenda
747 3950 889 4065 justitia
899 3949 1110 4068 ,negl'gens
1125 3953 1234 4038 luerit
1243 3952 1291 4036 'et
1306 3953 1497 4038 remissus:
1517 3965 1607 4037 tuno
1622 3977 1697 4034 non
1714 3947 1831 4049 aliter,
1852 3968 1964 4057 quarn

329 4090 461 4152 coram
485 4059 574 4179 jure
604 4066 818 4154 theutonico
849 4067 899 4153 de
928 4095 972 4154 se
1002 4069 1302 4180 querelantibus
1338 4067 1574 4183 respondere
1604 4067 1651 4152 sit
1682 4062 1867 4150 astrictos.
1922 4063 1965 4150 ln

393 2422 501 2512 elioot
521 2428 586 2541 jus
611 2423 986 2548 Maydemburgense
1006 2442 1216 2542 nucupatur
1236 2427 1336 2538 (sic),
1379 2427 1638 2516 Remouentes
1669 2421 1805 2513 ibidem
1837 2453 1961 2512 omnia
2106 2503 2112 2508 .

330 4183 459 4268 causis
490 4187 597 4268 vero·
614 4183 867 4270 criminalibus
897 4197 935 4268 et
960 4185 1180 4300 capitalibus
1202 4185 1375 4300 superius
1396 4184 1608 4298 expressis,
1640 4179 1851 4267 aduocatos
1872 4203 1965 4270 vero
2117 4233 2121 4240 ·

328 4299 414 4410 (sio)
431 4298 562 4416 prelati
584 4298 685 4413 opidi
707 4305 863 4384 Bodrkn
882 4298 1017 4385 ibidem
1038 4328 1110 4417 pro
1132 4311 1300 4416 tempore
1320 4300 1494 4406 existens,
1515 4297 1667 4383 babebit
1682 4297 1912 4385 intre-metes
1928 4313 1966 4388 et

276 4433 280 4438 '
379 4417 511 4505 anities
525 4413 738 4532 judicandi,
764 4413 950 4532 puniendi,
971 4417 1230 4519 sententiandi,
1252 4415 1467 4536 corrigendi
1488 4430 1524 4502 et
1545 4411 1755 4520 diffiniendi,
1777 4411 1965 4530 plectendi

329 4441 415 4646 isio)
435 4548 473 4620 et
487 4533 779 4649 'condemnandi
803 4532 952 4651 plenam
973 4547 1013 4619 et
1034 4533 1285 4622 omnimodam
1305 4534 1517 4640 facultatem
1539 4549 1576 4620 et
1595 4544 1831 4652 potestatem:
1852 4543 1966 4648 prom

368 4777 474 4864 ‚pt
500 4777 1264 4880 unmuouauanrnmueuvnmm.
1391 4814 1393 4823 =
1511 4756 1517 4766 ’
1760 4879 1809 4934 n·
