4870 5948
1096 785 1345 856 „fl-

408 1020 570 1113 presens
585 955 665 1074 sive
680 973 908 1104 inposterum
924 960 1497 1098 buiustestamcnti-picvorioeri
1510 986 1778 1101 presumpserit
1787 983 2031 1102 privilegium,

296 1088 330 1156 s
371 1153 381 1170 ·
410 1109 562 1228 superni
583 1105 713 1192 iudicis
734 1107 816 1190 sine
837 1103 1332 1206 misericerdiasententiam
1353 1100 1502 1204 incidat,
1523 1102 1686 1189 infernus
1707 1133 1792 1187 eum
1807 1104 1942 1206 vitum,
1963 1103 2033 1189 nisi

408 1226 623 1342 resipuerit,
652 1221 867 1308 absorbeat
923 1223 1034 1308 Anne
1062 1219 1113 1304 bl.
1143 1220 1187 1306 C.
1216 1218 1258 1304 L.
1283 1217 1347 1303 lll.
1374 1217 1574 1326 Bolezlae,
1607 1218 1823 1324 blesdrone,
1852 1219 2032 1326 Hemice,

269 1327 275 1338 ⁵
409 1345 584 1434 iratribus
620 1341 809 1456 germanis
845 1341 881 1426 in
916 1338 1078 1430 Polenia
1105 1337 1410 1452 principantibus.
1470 1337 1568 1423 Acta
1597 1353 1683 1424 sunt
1711 1334 1836 1422 heca
1866 1335 2034 1424 lobanne

410 1477 543 1566 sancte
585 1453 820 1544 Gneznensis
860 1456 1022 1560 ecclesie
1057 1453 1262 1570 venerabili
1300 1454 1585 1568 Archipresule,
1626 1456 1732 1540 cuius
1773 1455 1883 1541 etiam
1923 1453 2046 1572 sigilli.

409 1577 643 1696 inpressione
670 1577 821 1690 signate
849 1588 937 1660 sunt
962 1574 1032 1658 bec
1052 1568 1171 1659 littere
1191 1572 1261 1659 sub
1282 1572 1503 1686 privilegiali
1523 1573 1696 1659 cautione
1716 1571 1873 1658 testibus
1895 1596 2038 1656 omn...·

270 1771 278 1790 ,
410 1695 616 1784 ......tetis.
667 1691 855 1779 Radvane
886 1690 1143 1794 Cancellarie,
1173 1689 1375 1776 Wilbelme
1404 1689 1589 1793 Custode,
1620 1689 1809 1804 Magistro
1840 1687 2034 1793 Folberto,

410 1812 600 1930 blagistre
623 1809 829 1924 Stephano,
855 1824 891 1894 et
912 1807 1217 1934 bisssemitibus:
1247 1805 1534 1918 Ztreslronel‘l),
1557 1805 1807 1910 Peoezlawe,
1828 1803 2034 1922 Predwoy,

306 1961 313 1977 ·
410 1928 678 2032 Brodizlawo,
719 1926 983 2041 Dyrsycrayo,
1024 1923 1274 2038 Debrogost,
1314 1923 1507 2030 lebanne,
1549 1924 1789 2030 Gerwerde,
1828 1923 2034 2041 Begesse,

411 2045 626 2162 lllysykone
646 2072 869 2159 pomerano,
900 2041 1107 2146 Predzlao,
1138 2042 1308 2153 Thema(
1337 2041 1363 2152 ).
1961 2092 1968 2102 -

413 2393 421 2410 ·
460 2393 468 2408 ο
513 2307 551 2392 (³)
582 2309 681 2407 Paule·
692 2310 873 2408 elegantior,
893 2329 985 2394 quam
1001 2329 1058 2394 pro
1073 2307 1121 2373 illa
1138 2315 1255 2406 aetate,
1279 2328 1397 2385 sermo,
1418 2307 1573 2374 literarum
1589 2308 1700 2406 ductus
1716 2307 1814 2372 mines
1828 2306 1930 2405 usitati
1946 2297 2051 2391 etque'

411 2393 644 2558 titillata
653 2392 2038 2570 ttlttitlzitvtivtttt,ltililaivveiteis.:talilibtttttt

412 2563 574 2626 mentionis
590 2563 727 2642 vestigia,
750 2561 801 2642 qui
818 2569 918 2622 tamen
934 2560 972 2622 de
988 2561 1124 2621 institute
1140 2579 1166 2620 a.
1185 2558 1266 2620 1145
1286 2561 1316 2621 in
1331 2560 1397 2621 ville
1421 2559 1605 2641 Woprosciec
1627 2577 1643 2618 a
1667 2559 1824 2620 Miccrslno
1848 2556 2039 2622 Cisterereusi

413 2642 564 2709 coenobie
579 2643 694 2707 relerre
708 2643 840 2712 videtum
863 2643 993 2704 maxime
1009 2661 1081 2724 repo
1096 2661 1208 2704 nomeu
1224 2643 1295 2704 cabr's
1316 2639 1441 2704 Polocie
1468 2645 1530 2704 vire
1553 2643 1699 2724 equestris
1715 2641 1829 2705 ordinis
1845 2639 1989 2712 inditum:
2009 2641 2039 2704 ie

413 2748 480 2792 earn
503 2725 677 2809 opinionem
701 2725 883 2789 induxerunt
904 2723 1066 2790 nonnullos
1081 2723 1111 2786 in
1126 2723 1219 2786 literis
1236 2723 1382 2804 polonicis
1396 2723 1477 2788 baud
1493 2723 1576 2788 tecm
1594 2724 1773 2790 auctoritate
1788 2724 1929 2788 florentes
1943 2723 2039 2804 viros,

209 2827 212 2836 '
302 2843 307 2860 ·
415 2815 450 2875 ut
471 2809 604 2872 tabulam
627 2805 705 2870 benc
727 2808 859 2891 spuriam
883 2827 948 2871 esse
965 2803 1183 2891 judicaverint,
1213 2825 1343 2890 eamque
1365 2805 1540 2889 opinionem
1563 2807 1719 2871 nobiseum
1743 2807 2040 2872 communicaverint.

413 2893 510 2960 Nobis
526 2899 628 2956 autem
644 2891 815 2975 exemplum
832 2913 848 2955 a
865 2889 928 2956 vire
940 2889 1113 2954 doctissimo
1124 2888 1261 2974 Jesepbo
1275 2890 1490 2956 bulaszowicz
1507 2891 1679 2956 biblitaez.
1691 2891 1782 2957 Posn.
1793 2889 1892 2956 Praei.
1903 2893 2040 2967 missum,

414 2977 524 3042 iterum
547 2979 717 3060 iterumque
731 2975 917 3057 ingentibus,
939 2975 1043 3057 opinio
1059 2973 1136 3042 baec
1150 2973 1227 3040 adeo
1244 2975 1273 3040 in
1289 2975 1489 3058 suspicionem
1504 2977 1601 3050 venit,
1623 2984 1657 3040 ut
1671 2976 1708 3040 sd
1725 2976 1783 3041 boe
1798 2975 2039 3061 antiquissimum

413 3058 610 3145 archetypum
618 3068 859 3124 monumentum
874 3061 985 3123 nostris
1002 3059 1134 3143 ipsorum
1150 3059 1246 3122 oculis
1261 3058 1495 3124 examinandum
1519 3060 1577 3124 iter
1599 3062 1779 3124 Pesneniam
1803 3065 2038 3144 susciperemus3

414 3163 547 3226 eumque
571 3141 639 3205 inde
661 3143 820 3208 retulimus
835 3143 980 3220 lmetum,
1002 3151 1037 3207 ut
1052 3143 1185 3208 tabulam
1208 3143 1378 3208 accuratius
1400 3142 1590 3222 describere,
1613 3151 1645 3208 et
1660 3165 1677 3208 a
1692 3145 1880 3228 suspicione,
1900 3143 1933 3208 in
1950 3163 2040 3229 mam

414 3247 432 3293 a
448 3228 600 3292 nonnullis
616 3227 737 3292 inducta
753 3239 821 3306 est,·
835 3227 963 3292 liberare
979 3227 1136 3312 possimus.

516 3315 550 3390 a)
579 3312 776 3388 Membrana,
802 3311 831 3374 in
847 3331 907 3396 qua
924 3311 980 3376 bae
996 3311 1101 3376 literae
1120 3319 1192 3375 sunt
1205 3311 1351 3394 scriptae,
1377 3331 1475 3376 massa
1498 3321 1545 3378 est
1566 3319 1597 3377 et
1615 3310 1700 3382 ‚lulvo
1723 3311 1847 3386 colere,
1873 3311 1993 3395 qualern
2010 3311 2041 3376 in

414 3393 577 3460 Germanic
600 3404 631 3459 et
652 3395 858 3478 Froncegnllia
882 3395 984 3459 seculo
1008 3393 1066 3458 Xll
1089 3395 1118 3458 in
1141 3415 1197 3458 usu
1218 3395 1310 3462 luisse
1325 3403 1453 3460 testatur
1474 3395 1739 3462 benedictinorum
1759 3392 1797 3460 S¹¹
1813 3393 1933 3466 Mauri,
1957 3393 1994 3458 de
2009 3414 2042 3460 re

414 3477 607 3562 diplomatica
622 3480 727 3564 gallice
741 3482 886 3563 scripturn
902 3498 996 3562 epus,
1022 3478 1105 3562 quod
1127 3479 1299 3563 germanice
1321 3478 1451 3544 reddidit
1472 3488 1503 3544 et
1524 3481 1585 3543 suis
1609 3478 1824 3544 additamentis
1847 3477 2043 3562 locupletavit
2151 3551 2158 3561 ,

414 3563 619 3644 Adolescens,
647 3565 676 3628 in
700 3561 778 3628 libre
800 3583 817 3628 o
840 3564 928 3628 aubis
950 3581 1042 3647 perro
1066 3563 1238 3647 allegando:
1267 3563 1366 3628 Neues
1386 3563 1466 3628 Leitr
1487 3563 1601 3628 eddsde
1614 3565 1669 3628 der
1692 3563 1876 3649 btptomettt
1891 3571 1946 3658 “b
1962 3562 2042 3646 (viu.

414 3647 501 3712 Tem.
525 3647 575 3710 Vi.
600 3667 628 3729 p.
650 3646 736 3727 tibi:
761 3647 791 3709 in
806 3647 932 3710 Polenia
949 3667 1019 3711 vere
1035 3646 1071 3708 ad
1088 3647 1153 3730 ejus
1168 3649 1286 3732 generis
1309 3648 1408 3712 literas
1424 3583 1558 3714 adbiberi
1574 3649 1712 3724 solitam,
1737 3649 1891 3732 inspectae
1914 3667 1930 3710 a
1954 3645 2043 3710 nobis

413 3729 553 3807 tabulae,
579 3749 658 3813 quae
674 3730 711 3792 ad
727 3730 861 3794 seculum
877 3729 936 3794 Xll
952 3737 984 3793 et
997 3729 1113 3793 initium
1130 3728 1234 3794 xviimi
1246 3731 1423 3796 referuntur
1437 3739 1468 3795 et
1483 3733 1511 3795 in
1528 3730 1586 3796 bec
1601 3732 1706 3797 codice
1722 3731 1938 3804 describentur,
1961 3729 2040 3793 clare

415 3815 633 3879 demonstrant.
656 3813 799 3878 Formam
814 3831 938 3898 queque
952 3813 1113 3892 oblongam
1125 3815 1259 3889 chartae,
1273 3817 1425 3898 vulgarem
1439 3815 1496 3880 iilis
1508 3817 1695 3900 temporibus
1706 3815 1799 3880 luisse
1809 3815 1888 3879 idern
1899 3812 2044 3962 Adelunp

415 3897 507 4044 dupelt)
516 3896 564 3978 tib.
575 3919 603 3982 p.
614 3897 696 4044 wil
712 3905 743 3962 et
753 3906 855 3963 nostra
867 3905 1061 3962 monumenta
1078 3896 1202 3962 inferius
1217 3899 1329 3985 passim
1346 3899 1444 3982 posita
1460 3899 1495 3982 (e.
1510 3921 1538 3986 g.
1553 3901 1656 3965 tabule
1671 3901 1741 3964 anni
1760 3898 1850 3964 tate.
1865 3897 1921 3962 Νη
1936 3897 2026 3962 XXV

418 4003 454 4045 ex
479 3983 485 4044 i
511 3984 550 4045 ita
577 3989 664 4045 osten
687 3991 751 4044 unt.
847 4017 849 4022 ·
995 3991 1001 4008 ·
1653 4039 1658 4053 ,

517 3983 561 4148 ῳ)
577 4063 751 4149 Scripturas
767 4065 864 4129 lorma
880 4063 1041 4148 diiigenter
1055 4072 1087 4129 et
1100 4073 1239 4132 accurate
1255 4065 1386 4130 cxbibita
1403 4066 1454 4152 (ita
1471 4065 1611 4150 quidem,
1632 4073 1668 4130 ut
1681 4065 1785 4130 literae
1801 4064 1835 4140 b,
1857 4064 1886 4140 d,
1902 4063 1932 4140 b,
1948 4064 1967 4140 l,
1982 4085 2008 4142 ,
2022 4071 2044 4142 t,

416 4147 2044 4318 ttini2tlivtitlttv.it‘ttt3t⁰,⁸.³.vvitt.¹tttt:ttttittvinitt'ititliciti

416 4312 580 4397 Adelungii
603 4315 689 4397 (vom
712 4318 741 4391 l,
765 4339 792 4400 p.
813 4317 886 4402 365)
908 4319 1077 4402 descriptae
1099 4327 1337 4402 repraesentent.
1377 4281 1478 4384 Priina
1502 4318 1580 4388 lines
1602 4319 1770 4383 uncialibus
1792 4319 1885 4383 literis
1908 4325 2046 4388 exarata:

418 4397 662 4463 abbreviationes
679 4418 863 4481 perpaucae;
887 4403 1139 4488 interpunctionis
1154 4405 1238 4486 signa
1254 4402 1333 4466 nulla
1350 4412 1477 4486 excepte
1488 4412 1623 4486 puncto,
1645 4403 1727 4487 qued
1744 4403 1837 4466 literis
1852 4403 2044 4483 suppositum

417 4484 554 4578 quamvis
570 4481 796 4548 distinctionem
812 4483 946 4549 denotat.
976 4489 1076 4552 Litera
1091 4488 1105 4549 ι’
1118 4495 1230 4571 puncto
1245 4507 1335 4568 supra
1352 4488 1452 4569 perite
1467 4497 1559 4560 earet,
1574 4487 1627 4552 sed
1644 4507 1699 4570 pro
1715 4509 1753 4551 eo
1764 4485 1915 4549 nonnullis
1928 4485 1958 4550 ie
1971 4485 2045 4548 locis

416 4565 525 4630 lineola
548 4566 724 4632 tenuissima
747 4565 932 4649 conspicitur
952 4567 972 4650 (i
993 4569 1034 4655 ijl.
1070 4570 1190 4636 Literae
1211 4591 1302 4656 supra
1326 4571 1420 4634 lineas
1442 4580 1545 4647 acuto,
1572 4577 1606 4635 ut
1627 4570 1760 4645 videtur,
1788 4568 1914 4650 graphio
1936 4569 2046 4632 ductas

416 4655 575 4720 exaratae:
601 4670 681 4735 quae
695 4671 735 4714 ne
757 4671 774 4714 a
797 4659 878 4714 reeta
895 4652 941 4714 ria
958 4655 1150 4730 aberrarent,
1175 4677 1213 4720 ex
1229 4663 1312 4738 perte
1328 4664 1458 4739 utraque
1473 4654 1596 4720 chartae
1610 4653 1759 4718 feramina
1774 4651 1949 4717 tenuissima
1966 4650 2044 4720 lecta

416 4743 504 4828 sunt..
526 4733 615 4811 Quae
626 4735 752 4880 puidem
769 4743 876 4799 cuneta
893 4754 984 4800 manu
999 4739 1178 4820 scriptorum
1193 4740 1285 4804 seculi
1298 4739 1354 4804 Xll
1367 4741 1451 4821 signo
1467 4761 1534 4804 esse
1549 4740 1601 4823 qui
1618 4759 1635 4802 n
1676 4747 1716 4812 et,
1732 4737 1811 4802 bane
1827 4734 1939 4799 erroris
1956 4733 2045 4801 lacile

417 4825 578 4881 convincet
597 4820 625 4880 Α
647 4821 785 4903 elangius
807 4819 886 4903 (vid.
910 4819 928 4883 l.
952 4821 1249 4904 surripitur.
1270 4824 1306 4887 V.
1329 4843 1357 4906 p.
1374 4825 1422 4887 ii.
1435 4823 1486 4888 20.
1501 4823 1552 4891 (ΣΒ.
1567 4821 1618 4887 su.
1633 4823 1652 4886 9
1676 4823 1693 4902 ).
1735 4819 1829 4900 Quod
1852 4819 2045 4905 deniqne-sd

417 4899 535 4966 literam
551 4902 700 4984 cloccae
715 4905 826 4986 passim
842 4905 972 4990 positam
989 4907 1112 4983 attinet,
1134 4905 1208 4972 baec
1223 4901 1341 4972 tentum
1356 4908 1453 4988 abest,
1470 4915 1503 4973 ut
1517 4905 1747 4973 adulterationis
1763 4907 1803 4972 sit
1818 4905 2047 5000 documentum,
