4778 5952
1113 717 1387 792 -226-

174 939 179 946 “
303 991 308 998 .
431 923 721 1012 Suooamererio
752 936 879 1006 nostre
916 857 1028 1006 Curie
1060 948 1284 1036 suppremo,
1316 933 1353 1006 et
1378 918 1464 1034 elijs
1491 944 1603 1036 quom
1634 917 1802 1033 pluribus
1831 918 1908 1006 lule
1939 855 2064 1040 dignis

430 1043 590 1132 testibus
608 1038 658 1126 ud
679 1039 874 1154 premisse.
926 1037 1064 1124 Datum
1091 1067 1160 1152 per
1187 1066 1320 1139 monus
1347 1035 1573 1124 venerabilis
1598 1033 1784 1124 lohunnis
1810 1034 1995 1126 Lutlronis
2015 1038 2064 1126 de

431 1161 603 1248 Brzesze
624 1158 815 1275 utriusque
836 1155 925 1242 iuris
947 1154 1133 1260 doctoris,
1155 1154 1354 1272 epostolioi
1375 1153 1659 1270 prothonotarij,
1680 1167 1717 1242 et
1737 1153 1905 1242 eiusdem
1926 1185 2063 1244 oausa-

429 1309 510 1366 rum
530 1274 731 1380 auditoris,
762 1273 1030 1362 Archidieooni
1060 1273 1317 1377 Gneznensis,
1346 1290 1385 1361 et
1404 1271 1534 1391 Regni
1553 1271 1712 1362 Polonie
1739 1270 2061 1391 Vioeoonoellnrij,

431 1399 579 1485 sineere
600 1393 709 1480 nobis
730 1391 871 1480 dileoti:
1042 1409 1044 1416 “

531 1511 691 1600 Relooio
720 1511 850 1628 prelati
876 1511 1059 1598 lobannis
1086 1508 1269 1597 Lutlronis
1290 1509 1339 1596 de
1359 1509 1529 1598 Brzesze
1561 1512 1753 1628 utriusque
1773 1512 1861 1598 iuris
1882 1509 2063 1616 doctoris,

431 1630 696 1722 Arobidinooni
717 1630 964 1735 Gneznensis,
985 1628 1032 1722 R
1057 1627 1101 1714 P.
1122 1627 1444 1746 Viosoenoellarij.
2060 1644 2072 1674 ‘

1144 1955 1361 2072 Cllllllll.

427 2226 500 2307 n·
518 2221 661 2328 mou
685 2175 1074 2313 maurannus,
1101 2207 1438 2303 nonomen
1464 2215 1617 2304 o.1o
1644 2237 1713 2302 m.
1742 2217 2056 2322 reimaro.
2102 2153 2114 2172 ⁸

593 2424 662 2498 nox
676 2420 950 2497 casimirus
965 2419 1080 2494 dirimit
1094 2421 1182 2496 litun
1197 2420 1235 2493 do
1249 2420 1443 2523 possidonio
1456 2420 1532 2496 ritis
1549 2421 1710 2488 Ttoctooo
1726 2421 1829 2492 erton
1844 2421 1893 2504 (¹).

527 2614 570 2701 ln
593 2615 740 2699 nomine
762 2609 912 2716 domini,
934 2613 1054 2696 emen.
1095 2589 1285 2722 Quoniam
1307 2612 1468 2697 omnium
1490 2610 1630 2696 hebere
1651 2614 1878 2712 memoriam,
1900 2610 1984 2724 plus
2006 2610 2058 2696 di·

426 2733 595 2820 noscitur
615 2758 703 2817 esse
724 2726 898 2828 diuinum,
920 2757 1031 2844 quem
1048 2727 1259 2832 humanum,
1280 2725 1364 2815 Nos
1380 2729 1493 2847 igitur
1513 2727 1725 2816 Kezirnirus
1742 2728 1801 2813 dei
1817 2729 1952 2846 gracia
1969 2727 2057 2835 ilex
2138 2735 2143 2744 '

427 2848 607 2953 Polonie,
641 2845 849 2952 Creoovie,
881 2842 1116 2962 Sandomirie
1136 2862 1205 2934 eto.
1255 2843 1395 2932 Notum
1415 2847 1570 2934 lecimus
1592 2860 1666 2932 tem
1688 2845 1922 2964 presentibus
1945 2875 2057 2964 quum

425 2969 558 3056 futuris
579 2965 814 3084 presencium
835 2965 1009 3051 noticiam
1030 2964 1225 3052 habituris:
1259 2962 1377 3078 Quod
1399 2980 1504 3053 extra
1525 2972 1710 3071 [extensi]
1733 2994 1862 3051 uorem
1882 2963 2057 3051 ¹Strenuis
2168 3027 2171 3034 -

427 3116 476 3173 eo
496 3083 691 3172 Nobilibus
712 3081 901 3187 militibus,
930 3085 1069 3170 nostris
1089 3081 1262 3170 fidelibus
1283 3083 1472 3200 Dioskome
1493 3083 1714 3198 Capitonem
1735 3081 1892 3170 Andron
1911 3081 2057 3185 ludios,

428 3203 631 3290 Wlostone
652 3201 856 3316 Subjudioe
878 3199 1201 3308 dobrzinensibus‚
1222 3202 1316 3288 inter
1336 3199 1493 3290 Nobiles
1509 3199 1642 3290 milites
1657 3202 1854 3306 loannem,
1875 3200 2054 3302 Visleum
2162 3195 2166 3206 ’

425 3320 585 3408 Paulum
607 3320 741 3407 iratres
758 3345 973 3438 germanos,
994 3317 1091 3407 lilios
1113 3319 1302 3441 quondam
1325 3319 1500 3437 Bollessij
1523 3317 1571 3406 de
1591 3327 1717 3408 Nouio
1732 3318 1883 3407 heredis
1903 3331 2063 3404 autores.

426 3452 534 3558 perte
555 3467 602 3524 ex
622 3433 714 3540 une,
741 3454 777 3524 et
797 3453 972 3528 strenuos
994 3439 1125 3526 milites
1148 3438 1271 3528 Adam
1292 3437 1537 3543 Venetorem,
1559 3453 1596 3526 et
1615 3437 1808 3526 Albertum
1829 3435 2054 3553 Subpinoer-

426 3587 513 3644 nem
542 3555 706 3643 similiter
737 3585 941 3675 germanos
970 3560 1105 3646 iratres
1139 3556 1422 3664 dobrinienses‚
1464 3555 1628 3644 heredes
1659 3557 1708 3644 de
1741 3561 1933 3642 iluoboroo
1964 3581 2054 3641 reos

424 3689 534 3825 parte
564 3706 610 3762 ex
640 3674 779 3780 altero,
815 3676 969 3763 materia
999 3677 1206 3794 questionis
1237 3705 1307 3794 pro
1338 3674 1546 3762 hereditate
1577 3675 1742 3793 ipsorum
1778 3681 1968 3760 lluobozoo
1986 3666 2052 3783 li).

430 3791 595 3882 lundein
616 3820 746 3878 coram
768 3794 858 3910 ipsis
879 3791 965 3880 hino
986 3793 1071 3883 inde
1091 3796 1258 3883 terminis
1280 3809 1316 3882 et
1337 3792 1581 3882 dilacionibus
1603 3790 1870 3898 ventilatis‚,ed
1888 3805 2054 3880 nostram

422 3909 664 4027 Mejestatem
695 3910 830 3996 eadem
859 3913 1063 4028 questionis
1083 3914 1238 4000 materia
1261 3939 1345 3998 oum
1367 3905 1534 4030 pertibus
1555 3911 1672 4000 extitit
1692 3909 1879 4000 devoluto.
1931 3909 2053 3997 Perti·

423 4029 496 4116 bus
532 4029 806 4147 igituroorom
841 4027 951 4116 nobis
982 4045 1018 4118 et
1047 4029 1264 4119 Beronibus
1295 4033 1433 4118 uostris
1466 4033 1693 4134 constitutis,
1730 4028 1858 4116 audita
1888 4027 2054 4148 diligenti

423 4147 690 4263 proposioione
711 4147 917 4262 questionis
938 4163 975 4235 et
994 4151 1245 4266 responsione
1276 4147 1361 4234 Ade
1382 4148 1572 4236 venatoris
1594 4163 1631 4236 et
1651 4145 1794 4236 Alberti
1825 4147 2052 4264 Subpinoer-

423 4294 473 4352 ne
493 4261 789 4370 dobrinensium;
815 4265 900 4377 quie
922 4263 1195 4356 diuturnitatem
1215 4265 1433 4388 allegabunt
1454 4283 1491 4354 et
1510 4270 1805 4384 possessionem,
1832 4267 1938 4382 cujus
1960 4291 2051 4350 non·
2131 4367 2135 4378 Ι

302 4479 305 4487 Α
423 4382 524 4500 trerij
557 4382 734 4469 memorie
766 4411 841 4470 non
871 4387 1004 4490 extitit,
1035 4415 1083 4472 au
1112 4387 1430 4504 prescripoionem
1462 4399 1499 4471 et
1513 4388 1578 4502 jus
1598 4402 1697 4474 terre
1717 4384 1896 4473 haetenus
1917 4381 2049 4468 obser-

525 4598 565 4684 (¹)
593 4601 642 4666 Er
656 4598 883 4664 oonlirmntione
900 4597 996 4745 beqis
1014 4597 1197 4683 sigismundi
1212 4603 1236 4666 l.
1252 4601 1322 4667 unni
1342 4601 1436 4680 1527,
1460 4621 1538 4687 queo
1554 4600 1726 4666 continetur
1739 4599 1818 4680 ljbro
1834 4596 2052 4680 manuscripto

347 4727 350 4732 -
423 4687 512 4771 rulgo
527 4687 656 4752 Metrioe
670 4683 768 4769 Regni
783 4683 875 4757 dioto,
898 4703 929 4746 rn
971 4684 1131 4748 ursanensi
1145 4685 1293 4751 tabulario
1309 4685 1431 4772 publico
1447 4685 1542 4770 Regni
1557 4685 1701 4752 Poloniae
1715 4691 1879 4759 osseruuto,
1893 4683 1946 4748 Nro
1957 4680 2051 4746 xtu.

423 4789 491 4856 pag·
505 4768 571 4937 2lii
585 4767 847 4920 qiqqrqmowo
862 4853 892 4917 in
908 4805 1078 4920 Peletinelu
1093 4853 1247 4938 quondum
1263 4855 1400 4920 Plooensi
1414 4854 1483 4934 situ,
1497 4855 1651 4921 territorio
1663 4862 1696 4920 et
1710 4854 1835 4938 regione
1847 4809 2051 4936 lionoriensi.
