4780 5922
1037 711 1428 854 v-ree--‘

1150 1061 1301 1211 curu

572 1326 920 1424 Postremae,
947 1345 1103 1410 aomo
1129 1321 1283 1460 1324
1309 1323 1403 1408 ose
1429 1319 1509 1406 24
1533 1343 1677 1409 mont.
1704 1263 1878 1413 sordid}

310 1568 314 1576 ,
443 1533 511 1606 dax
530 1529 815 1603 vmntstom
834 1528 941 1601 dietus
961 1527 1210 1625 lunaticus,
1232 1530 1267 1601 et
1279 1525 1420 1600 abusu
1433 1525 1573 1601 boleslai
1585 1527 1680 1601 bocia
1693 1528 1841 1602 l’olonlae
1855 1530 1997 1625 leporis,

444 1633 637 1714 namstede
658 1630 794 1726 bedensi
807 1630 1012 1723 impertito-n,
1035 1648 1098 1720 pne
1110 1629 1308 1720 pundepion
1321 1628 1513 1702 fundationis
1533 1628 1628 1705 breis
1646 1629 1796 1704 limistai
1811 1630 1992 1706 dictitaris

479 1734 695 1808 cendrnatun
710 1735 777 1822 eat,
792 1730 973 1823 etpluriun
986 1732 1130 1806 rillmoun
1147 1731 1377 1822 posterioribus
1390 1729 1586 1823 tenporibus
1602 1731 1753 1822 monebis
1768 1751 1788 1806 a
1801 1731 1959 1808 nobilibus
2074 1819 2077 1830 ,
2160 1761 2163 1769 ¹

736 1833 883 1908 telonias
893 1835 1084 1908 ‘eeuatnon
1099 1831 1339 1925 seposiuenen
1351 1834 1454 1905 ratam
1470 1849 1543 1904 ease
1551 1831 1646 1926 jubet
1657 1833 1706 1920 (¹).

503 2058 548 2146 ln
569 2061 717 2146 nomine
739 2057 897 2164 domini,
928 2089 1048 2144 amen.
1103 2055 1199 2143 Cum
1230 2057 1368 2144 obliuio
1400 2059 1448 2144 sit
1472 2071 1589 2142 mater
1610 2054 1839 2175 calumpnie‚
1870 2089 2040 2147 nouerca

262 2189 273 2216 ⁸
403 2179 512 2296 pacis
533 2193 570 2264 et
590 2178 712 2263 licium
734 2177 965 2282 suscitabis,
998 2173 1164 2292 expedit,
1195 2190 1235 2263 ut
1255 2175 1503 2262 racionabiles
1526 2185 1742 2261 contractus
1762 2175 1964 2281 hominum,
1990 2177 2039 2264 ad

404 2295 570 2384 ueritatis
605 2294 777 2381 iudicium
812 2295 1009 2411 perscripti
1041 2293 1136 2407 (sic)
1168 2293 1385 2382 memoriam
1416 2294 1719 2379 transmittantur.
1770 2281 1938 2382 Proinde
1969 2327 2041 2383 uos
2102 2351 2107 2368 ·

404 2411 641 2500 Wladizlaus
664 2412 723 2499 dei
744 2415 876 2532 gracia
898 2411 986 2499 Rex
1007 2410 1167 2499 Polouie
1184 2442 1254 2498 uec
1270 2441 1345 2498 nco
1365 2424 1547 2506 terrarum
1569 2410 1767 2516 Graecula,
1790 2411 2040 2520 Sandomirie,

402 2528 592 2635 Lancicie‚
616 2531 785 2644 Cupauie
807 2529 1043 2644 Syradieque
1064 2527 1170 2632 Dux,
1192 2528 1241 2614 ad
1263 2530 1435 2615 noticiam
1456 2544 1532 2614 tam
1553 2522 1791 2645 presericium
1813 2559 1925 2646 quam
1947 2531 2041 2616 lulu-

404 2677 532 2734 rorum
562 2647 735 2756 volumus
766 2647 963 2732 deuenire:
996 2644 1096 2764 quod
1126 2646 1327 2764 religiosus
1356 2649 1413 2736 uir
1441 2644 1612 2732 dominus
1642 2643 1806 2732 lllathias
1836 2647 1969 2733 Abbas
1992 2647 2042 2736 de

406 2761 541 2852 Lenda
562 2762 704 2862 ordinis
726 2764 990 2851 cisterciensis
1006 2760 1055 2850 ad
1070 2778 1238 2851 nostram
1259 2761 1449 2850 accedens
1470 2764 1705 2881 presenciam
1727 2763 1835 2868 rpcbis
1855 2760 2041 2851 humiliter

405 2883 650 2999 supplicauit‚
685 2896 724 2968 ut
756 2881 1086 2996 confirmacionem
1119 2879 1303 3000 priuilegii
1339 2881 1495 3000 gloriosi
1527 2881 1740 2998 plrincipisl
1758 2881 1889 2996 proavi
1920 2882 2040 2970 nostri

404 2999 524 3106 Ducis
546 2998 736 3119 quondam
757 2999 857 3086 bene
879 3000 1057 3094 memorie
1076 2997 1298 3086 Moschenis
1318 3031 1387 3117 per
1408 2999 1697 3085 Serenissimum
1718 2998 1932 3114 Principem
1954 2997 2057 3086 olim·

406 3116 626 3206 Boleslaum
644 3120 856 3205 sororinum
868 3111 924 3230 (²)
941 3131 1109 3204 nostrum
1126 3115 1300 3204 dilectum
1316 3119 1464 3221 iactam,
1480 3115 1746 3205 modernorum
1762 3115 2041 3238 priuilegiorum

509 3367 544 3452 (¹)
572 3367 601 3436 E
615 3367 717 3433 tabula
733 3367 907 3434 authentica
922 3369 1170 3446 membranacea,
1191 3355 1317 3454 Josipbi
1332 3367 1463 3436 Rusiecii
1480 3366 1612 3452 proprio,
1632 3367 1720 3454 cujus
1734 3367 1876 3454 sigillum,
1891 3366 1964 3432 olim
1981 3365 2040 3432 lulis

407 3451 511 3520 sericio
526 3452 613 3517 rubei
630 3453 740 3521 coloris
756 3473 933 3538 appensum,
949 3473 1029 3520 nuuc
1040 3455 1103 3537 jam
1120 3451 1317 3519 desideratur.
1465 3465 1470 3474 ·

509 3536 543 3622 (²)
573 3537 710 3603 Verbum
724 3537 894 3616 „sororini”
909 3539 1056 3604 latinitate
1072 3538 1164 3604 medii
1180 3538 1274 3623 (quod
1290 3537 1403 3623 dicunt)
1418 3537 1497 3614 aeui,
1515 3535 1561 3603 uel
1575 3535 1690 3603 sororis
1707 3535 1859 3616 maritum,
1874 3535 1920 3602 vet
1936 3535 2041 3602 uxoris

408 3620 532 3687 fratrem
548 3621 717 3696 denotasse,
732 3622 908 3708 Doeongius
925 3621 960 3706 (s.
976 3622 1072 3687 Soror
1093 3624 1150 3698 ius,
1168 3625 1315 3700 serenus,
1329 3620 1508 3706 euremarus),
1524 3631 1631 3687 auctor
1645 3629 1706 3702 est;
1723 3620 1806 3707 quod
1822 3640 1934 3688 nomen
1950 3621 2042 3687 etiam

322 3777 326 3786 ,
408 3704 494 3782 lustri
505 3704 635 3802 patrueli
647 3707 751 3770 ureris
766 3707 795 3802 io
813 3706 939 3771 Polooie
954 3707 1018 3772 dari
1035 3645 1158 3772 scitum
1173 3727 1249 3783 esse,
1265 3709 1348 3793 privil
1391 3707 1451 3774 ium
1463 3707 1670 3792 archetypum,
1683 3705 1807 3773 doctiss.
1823 3704 2043 3804 Strooczprlscii

408 3807 566 3876 proponam
582 3810 630 3854 ao.
649 3788 730 3855 1298
745 3788 848 3856 dreit
859 3790 971 3856 mensis
985 3791 1164 3857 Decembris
1178 3792 1322 3861 Calissiae
1337 3813 1354 3857 a
1398 3791 1523 3858 ladislao
1539 3791 1673 3865 Lootio0‚
1687 3789 1825 3856 arnoldo
1841 3789 1904 3854 liluo
1918 3789 2042 3854 Heorrer

407 3874 567 3941 Advocato
589 3871 762 3938 Golissiensi
785 3873 969 3958 impertitum
985 3873 1092 3952 docet,
1114 3895 1177 4024 Ῥω
1200 3875 1398 3942 Premisleum
1420 3877 1536 3962 Regem
1559 3875 1703 3941 Polonioe
1718 3895 1737 3940 s
1751 3873 1874 3940 boetico
1887 3872 2043 3937 aaronitas

384 3957 712 4044 -appelleriuidemus
741 3955 942 4024 Nihilominus
956 3965 1058 4023 tamen
1074 3960 1103 4022 io
1144 3959 1368 4038 cleomedem
1385 3969 1565 4027 materterae
1581 3959 1724 4026 moritum
1738 3957 1909 4025 serotinum
1924 3973 2042 4021 nunco-

410 4050 512 4126 patum
533 4041 643 4120 luisse,
666 4041 769 4108 tabula
785 4041 855 4107 enni
875 4041 954 4107 {332
971 4043 999 4106 in
1015 4041 1210 4128 Strooczpnii·
1220 4043 1340 4128 saepius
1359 4045 1483 4109 laudato
1503 4063 1597 4129 opere
1612 4045 1666 4110 Ν*ο
1681 4043 1722 4110 29
1738 4041 1870 4109 exhibita
1885 4040 2044 4138 probatur,

314 4191 318 4202 ,
410 4143 471 4210 quo
485 4127 600 4192 seilicet
611 4127 770 4193 Boleslaus
786 4128 857 4191 Dux
871 4126 1025 4212 Lignieioe
1040 4127 1224 4194 Vledisleum
1239 4128 1410 4204 Lectioum.
1426 4129 1477 4214 qui
1492 4148 1630 4195 sororem
1648 4129 1752 4195 metris
1766 4123 1896 4192 nebeten
1912 4143 2045 4194 uxorem

409 4205 551 4286 habebat,
565 4213 739 4277 soroniuum
753 4232 842 4278 suurn
859 4232 925 4278 esse
940 4211 1024 4278 dixit
1054 4211 1147 4291 Quod
1163 4231 1257 4297 quum
1273 4212 1315 4278 ito
1329 4213 1378 4288 sit
1394 4233 1551 4300 quumque
1566 4233 1611 4292 eo,
1626 4225 1706 4299 quae
1720 4213 1878 4298 hueusque
1891 4209 1930 4276 de
1941 4209 2044 4276 Vlodi·

410 4292 466 4361 slei
488 4293 581 4442 Rapis
603 4298 746 4378 progenie
769 4304 800 4362 et
815 4297 988 4381 parentelae
1010 4318 1089 4362 nanu
1109 4303 1180 4364 note
1199 4305 1285 4374 sunt,
1308 4298 1421 4365 nullum
1444 4298 1533 4364 nobis
1557 4297 1728 4362 boleslaum
1751 4297 1871 4363 Ducem
1892 4294 2043 4360 Polonum

410 4378 523 4456 sororis
562 4378 650 4443 ootici
666 4380 821 4456 maritum,
844 4380 889 4446 uel
904 4383 1009 4447 uxoris
1026 4381 1163 4456 lustrem,
1185 4381 1230 4448 uel
1246 4381 1378 4467 denique
1393 4391 1574 4448 materterae
1591 4383 1731 4447 moritum
1747 4379 1877 4457 undant
1893 4399 1953 4444 oon
1968 4377 2044 4442 leuis

410 4483 483 4530 sene
498 4463 568 4546 luipo
583 4460 670 4526 nobis
685 4463 879 4529 dubitationis
894 4466 1052 4552 serupulus
1066 4466 1209 4551 injicitur,
1225 4485 1388 4552 quemnam
1405 4466 1576 4533 Boleslaum
1592 4467 1729 4541 Ducem,
1751 4466 1890 4552 qui-enta
1910 4461 2043 4528 ppppeom

411 4567 524 4614 annum
539 4554 679 4614 mortuus
694 4547 743 4624 sit
757 4543 806 4612 hic
820 4547 1045 4628 intelligendum
1063 4551 1227 4635 putemus?
1256 4552 1303 4617 De
1318 4552 1458 4617 Roleelao
1473 4551 1590 4618 Pudice
1605 4552 1693 4616 Duce
1708 4547 1902 4617 Croeouiensi
1917 4545 1968 4612 hio
1983 4545 2043 4630 agi,

376 4673 378 4682 ι
411 4631 609 4699 nullomodo
632 4630 728 4718 accipi
751 4638 869 4715 potest,
891 4652 984 4716 quum
1007 4642 1068 4699 torn
1085 4635 1123 4700 de
1138 4655 1250 4714 uxore,
1272 4655 1363 4721 quem
1379 4635 1417 4699 da
1431 4656 1539 4702 sorore
1555 4637 1638 4722 eius,
1660 4635 1845 4712 certissima,
1867 4652 1947 4718 quae
1963 4638 2045 4708 sunt,

411 4715 538 4792 iudicio,
561 4717 649 4800 plane
671 4717 758 4783 aliam
782 4715 876 4781 luisse
898 4715 964 4802 ejus
987 4717 1163 4786 affinitatem
1187 4719 1405 4786 demonstrent
1439 4720 1504 4786 Nec
1526 4721 1626 4787 minus
1647 4718 1828 4786 temerariae
1850 4717 2045 4802 conjecturae

412 4799 616 4866 admittendae
631 4808 741 4879 essent
757 4801 782 4865 si
796 4801 968 4868 Boleslaum
984 4801 1101 4867 Ducem
1117 4804 1282 4883 illusoriae,
1296 4805 1347 4892 qui
1363 4823 1442 4869 enno
1461 4801 1576 4871 1313ιίο
1590 4811 1730 4870 mortuus
1745 4811 1800 4879 est
1816 4799 1865 4866 hic
1876 4800 2042 4866 indicatum

375 4937 379 4946 .
412 4885 726 4952 censeremus-Pro
748 4885 887 4953 Bolosleo
908 4886 996 4953 Duce
1018 4882 1189 4954 Colissieosi
1212 4887 1260 4954 hie
1282 4887 1492 4975 supputando,
1515 4887 1544 4954 id
1562 4890 1690 4955 multum
1711 4885 1834 4974 quidem
1849 4884 1938 4962 lacit,
1958 4882 2044 4970 quod
