4788 5926
1102 757 1249 854 -fu
1305 755 1381 810 -·

415 951 590 1044 Lancicie
610 955 714 1058 Dux,
760 984 835 1042 uua
855 985 939 1042 cum
965 953 1047 1042 filiis
1067 956 1207 1044 nostris
1226 955 1411 1044 Bolezlao
1431 954 1624 1062 Mazovie,
1669 957 1860 1047 Kazimiro
1883 959 2038 1076 Cujavic

414 1072 585 1162 Ducibus
621 1089 658 1161 et
691 1072 801 1159 Duce
836 1073 1066 1177 Semnvitho,
1111 1071 1162 1160 ad
1197 1075 1412 1161 memoriam
1446 1074 1701 1180 reducentes,
1737 1107 1848 1197 quam
1885 1079 2039 1194 speciali

385 1249 387 1254 -
413 1194 656 1326 prerogativa
670 1191 886 1278 dileccionis
902 1191 1070 1310 gloriose
1085 1193 1264 1278 memorie
1278 1192 1427 1279 illustris
1440 1190 1535 1278 'Dux
1553 1192 1766 1282 Kazimirus
1782 1205 2040 1310 paternoster

414 1308 614 1396 ecclesrum
634 1309 744 1398 beate
763 1308 884 1396 Marie
900 1311 1095 1428 sanctique
1116 1309 1261 1398 Thome
1282 1310 1330 1395 de
1350 1315 1514 1420 Soterico
1535 1313 1744 1429 fratresque
1771 1313 2036 1423 Cisterciensis

414 1426 557 1514 ordinis
592 1425 727 1513 ibidem
762 1444 1037 1515 commorantes
1073 1427 1121 1514 de
1155 1426 1341 1515 Romanis
1364 1429 1533 1544 partibus
1554 1425 1610 1540 (2)
1647 1445 1828 1519 evocatos
1859 1431 2037 1539 dilexerit,
2092 1430 2098 1446 “

412 1545 514 1659 pium
533 1545 708 1632 affectum
729 1543 809 1660 ejus
829 1543 995 1663 benigno
1015 1546 1146 1632 lavore
1165 1560 1456 1664 prosequentes,
1485 1547 1681 1666 privilegia
1698 1547 1837 1634 dudum
1852 1552 2049 1654 conlecta,-

412 1673 488 1748 tam
509 1693 625 1778 super
645 1662 917 1750 donacionibus
937 1693 984 1752 ac
1004 1663 1234 1751 libertatibus
1250 1663 1365 1782 patris
1382 1665 1499 1750 nostri
1515 1663 1737 1783 supradicti,
1768 1696 1880 1783 quam
1897 1669 2038 1755 nostris

412 1809 480 1866 seu
496 1782 652 1868 aliorum
668 1807 974 1899 quorumcunque
988 1779 1259 1868 donacicuibus
1275 1811 1343 1870 seu
1365 1784 1485 1868 eciam
1501 1782 1816 1900 acquisiciouibus
1833 1784 2037 1872 eorundem

412 1895 565 1984 lratrum
584 1896 754 1986 videntes
773 1929 958 2015 processu
980 1900 1085 2018 longi
1107 1901 1285 2016 temporis
1299 1899 1454 2002 viciata,
1476 1913 1629 2016 captato
1650 1915 1819 2016 tempure
1839 1919 2038 2020 oportuno,

412 2012 619 2103 studuimus
654 2047 840 2104 renovare
876 2019 1078 2136 quicquam
1113 2019 1149 2105 in
1181 2017 1322 2106 eisdem
1342 2016 1546 2138 privilegiis
1578 2047 1644 2104 seu
1677 2018 1758 2105 aliis
1789 2021 2051 2106 instrumentis

410 2129 636 2249 reperimus,
667 2135 703 2219 in
724 2136 889 2249 presenti
909 2137 1052 2254 pagina
1071 2136 1234 2253 propriis
1253 2134 1452 2223 vocabulis
1474 2134 1767 2252 conpendiosius
1788 2135 2039 2224 declarantes.

414 2248 580 2337 Contulit
608 2253 793 2368 siquidem
824 2253 885 2368 pie
915 2251 1196 2340 recordacionis
1226 2269 1335 2370 pater
1364 2267 1494 2338 noster
1523 2250 1700 2366 predictis
1731 2255 1905 2342 iratribus
1935 2254 2038 2340 thl.

410 2365 639 2482 plaustratas
655 2364 710 2478 (³)
733 2368 823 2454 salis
844 2369 1002 2485 singulis
1019 2369 1126 2456 annis
1146 2369 1515 2484 persolvendassiue
1532 2367 1797 2474 diminucione,
1829 2369 2038 2456 secundum

412 2483 515 2601 quod
546 2483 594 2571 de
623 2483 745 2570 Rusia
775 2482 1012 2584 adducuntur
1041 2485 1091 2570 de
1121 2485 1295 2573 theloneo
1326 2484 1641 2590 Sandomiriensi,
1687 2501 1729 2572 ‘at
1769 2487 1916 2572 alveum
1948 2487 2038 2574 salis
2121 2473 2133 2542 i
2177 2474 2186 2530 ³

410 2603 598 2687 annuatim
631 2602 666 2686 in
700 2601 898 2688 Cracuvia.
948 2601 1041 2686 ltem
1071 2602 1185 2705 villis,
1225 2602 1389 2703 colonis,
1431 2617 1467 2687 et
1496 2604 1586 2687 loro.
1611 2602 1728 2716 ipsius
1760 2602 1922 2688 ecclesie
1953 2633 2037 2687 cum

410 2719 649 2837 pertinenciis
677 2718 774 2822 suia,
795 2715 995 2804 videlicet:
1026 2721 1209 2822 Strelecb,
1239 2723 1452 2803 Dcmbroce
1474 2732 1511 2803 et
1529 2716 1613 2804 ville
1635 2715 1684 2804 de
1703 2715 1930 2804 Bcldrtblco
1952 2750 2038 2806 cum

410 2835 647 2952 pertinenciis
678 2835 775 2938 suis,
816 2835 965 2951 plenam
995 2835 1149 2923 contulit
1179 2833 1403 2939 libertatem,
1445 2847 1482 2922 et
1513 2834 1563 2922 ab
1593 2836 1694 2924 omni
1717 2837 1816 2955 jugo
1848 2836 2040 2924 tributaria

410 2955 600 3040 servitutis
622 2954 773 3058 exemit3
804 2953 870 3053 ita,
904 2951 1006 3070 quod
1027 2945 1412 3038 conductum'uullum
1432 2950 1588 3056 ducant,
1618 2981 1690 3039 uec
1710 2953 1758 3039 ab
1787 2953 1911 3070 aliquo
1942 2957 2039 3041 reci-

410 3071 533 3186 piant,
561 3083 723 3190 excepto
744 3068 981 3159 solummodo
1002 3069 1121 3160 Ducis
1143 3069 1313 3158 tentorio.
1354 3069 1447 3156 Item
1468 3069 1549 3156 aliis
1569 3069 1679 3158 uillis:
1710 3075 1874 3181 Mderjcu
1896 3072 2041 3160 scilicet

411 3216 496 3273 cum
526 3189 763 3306 pertinenciis
785 3185 840 3300 (⁴)
870 3194 996 3276 Menti
1021 3203 1058 3275 et
1087 3193 1516 3293 Bucaire,Prussinooe,
1557 3194 1712 3289 Mance,
1743 3194 1970 3302 Stapbnuoe,
2003 3206 2041 3278 et

397 3310 572 3390 Patrone
592 3336 676 3391 cum
697 3307 934 3423 pertinencijs
950 3305 1172 3406 earundem,
1204 3307 1301 3393 sicut
1314 3305 1482 3394 Raslaus
1502 3305 1697 3393 Palatinus
1714 3309 1846 3414 tenuit,
1879 3308 2039 3394 eandem

410 3422 565 3510 contulit
578 3423 804 3527 libertatem,
826 3437 862 3508 et
877 3419 1047 3510 homines
1065 3452 1195 3510 eorum
1216 3433 1453 3536 apocolooe,
1470 3433 1704 3533 podooroce‚
1736 3453 1874 3522 aaron,
1898 3456 2037 3535 poenz,
2133 3451 2141 3467 ·

395 3545 534 3639 crbcz,
560 3547 715 3644 ¹m'rnotb,
740 3560 922 3642 'noctuam
952 3547 1131 3639 bombico,
1162 3559 1288 3625 stroac
1308 3555 1346 3626 et
1365 3541 1415 3626 ab
1436 3539 1608 3626 omuibus
1629 3539 1709 3625 aliis
1733 3539 1979 3626 'servitutibus
2000 3553 2038 3627 et
2113 3542 2122 3590 ²
2152 3547 2188 3578 '⁴‘
2212 3558 2219 3568 '

510 3871 550 3958 (²)
579 3873 640 3938 Pro
651 3870 817 3947 „Romania
826 3873 993 3959 portibus,
1009 3871 1277 3938 confirmationum
1293 3872 1372 3938 1279
1386 3871 1478 3937 babet
1487 3871 1729 3951 „Mambonudo”‚
1741 3873 1822 3958 quod
1835 3881 1881 3938 est
1892 3873 2038 3959 oppidum

410 3955 440 4022 in
461 3957 653 4043 Burgundio,
680 3977 760 4022 nunc
781 3956 1062 4024 Franco-Gallicae
1085 3957 1217 4022 ditionis.
1233 3991 1275 4004 -·
1290 3955 1429 4022 Casimiri
1451 3957 1544 4022 Ducis
1567 3957 1755 4040 privilegium
1777 3959 1846 4022 anni
1872 3959 1952 4023 1176
1967 3957 2039 4022 buic

409 4041 596 4106 monasterio
612 4041 763 4118 collatum,
780 4043 848 4106 vida
863 4042 906 4108 N⁰
922 4042 975 4107 IV.
1115 4076 1120 4083 ·

510 4125 552 4209 (³)
581 4125 632 4191 Sic
646 4133 678 4188 et
693 4125 723 4189 iu
738 4125 892 4222 privilegio
915 4124 1055 4194 Casimiri
1076 4125 1132 4194 Ντο
1146 4127 1198 4191 lv.
1213 4125 1382 4212 praemisso
1391 4145 1400 4199 3
1422 4123 1650 4211 quatuordecim
1664 4131 1766 4189 autem
1777 4124 1985 4210 plauctrctcc,
2008 4124 2039 4190 in

410 4207 639 4273 confirmatione
653 4209 798 4274 Lesconis
813 4209 900 4293 Nigri
915 4211 1050 4293 legimus

510 4291 551 4374 (⁴)
579 4291 674 4366 ,‚Gum
683 4293 867 4378 pertinentiis
882 4293 962 4357 Wclc
976 4305 1002 4358 et
1017 4293 1186 4368 Zcoecoice,
1202 4293 1303 4360 Menti
1315 4301 1346 4356 et
1357 4291 1443 4366 cet”,
1457 4289 1551 4356 babet
1565 4290 1658 4374 privil.
1674 4290 1809 4356 confirm.
1818 4292 1887 4358 acui
1901 4291 2036 4358 tatu.-

406 4373 434 4439 E
469 4374 586 4440 lurimis
601 4376 630 4439 iu
641 4375 768 4460 regione
783 4376 996 4443 Patriacuieusi
1012 4378 1087 4443 villis
1108 4378 1194 4444 Wola
1209 4377 1312 4452 dictis,
1335 4373 1506 4459 Milajoviue
1522 4375 1677 4457 proximae
1698 4375 1778 4442 duae
1793 4384 1877 4449 sunl:
1896 4396 2038 4460 quarum.

448 4459 499 4536 ola
512 4459 697 4544 Bcpdodclro
711 4460 831 4536 altera,¹
843 4461 937 4526 altera
959 4462 1043 4526 Wola
1056 4461 1298 4559 Krzpetoporelra
1313 4461 1441 4534 dicitur,
1462 4459 1570 4524 ambae
1593 4460 1755 4545 parochiae
1778 4459 2038 4545 Bagdancviansin

410 4541 514 4621 Quum
538 4552 639 4609 autem
663 4565 720 4610 nec
740 4544 933 4624 Zalrowiee,
964 4567 1020 4610 nec
1041 4545 1235 4610 Zalrzowrcc
1257 4545 1325 4608 villa
1347 4544 1376 4607 in
1400 4541 1457 4606 buc
1481 4544 1633 4626 provincia
1655 4553 1773 4621 exstet,
1803 4567 1820 4608 e
1842 4542 1942 4607 multis
1964 4541 2039 4607 villis

407 4625 560 4706 zrtrzew,
589 4629 743 4705 balmon,
772 4627 957 4694 Zakmdweb
980 4629 1085 4704 dictis,
1114 4629 1190 4694 baec
1205 4648 1284 4714 quae
1305 4626 1480 4711 Mitejoviae
1495 4628 1623 4710 propior
1637 4629 1724 4693 uobis
1740 4627 1872 4702 videtur,
1902 4632 1948 4690 est
1969 4625 2038 4691 villa

409 4709 585 4776 chrr=euele
599 4712 689 4788 dicta,
710 4712 842 4798 regionis
858 4720 890 4777 el
903 4712 1064 4798 parochiae
1078 4713 1321 4789 Radomsceneis,
1336 4715 1416 4797 quae
1431 4719 1533 4777 tamen
1549 4719 1681 4795 quatuor
1695 4709 1839 4776 milliariis
1851 4730 1869 4776 a
1881 4709 2039 4794 Milajovia

407 4793 507 4858 distat
544 4795 589 4860 [ta
604 4796 664 4861 situ
680 4803 869 4874 ceterarum,
899 4797 956 4860 hoc
970 4797 1114 4882 privilegii
1131 4797 1199 4860 loco
1214 4805 1461 4880 enumeraturum
1484 4795 1640 4876 villarum,
1665 4794 1728 4879 jam
1745 4795 1775 4859 in
1791 4794 2038 4864 annotationibus

407 4876 445 4941 nd
460 4877 647 4964 priuilegium
662 4879 717 4948 ppo
731 4881 775 4946 lv
788 4879 948 4946 celeranda
963 4879 1132 4946 retulimus.
1218 4909 1221 4917 ·
