4912 5924
1122 773 1397 848 -aut-

444 972 637 1092 predictos
657 974 707 1064 ab
728 972 898 1062 omnibus
912 971 1066 1091 judicijs
1087 975 1224 1062 uostris
1245 975 1406 1061 omnium
1422 969 1590 1088 judicum
1616 987 1652 1059 et
1672 969 1906 1060 subindicum
1927 989 2076 1064 nostro·
2131 955 2152 1045 .'

445 1123 538 1198 rum,
559 1093 816 1210 palatinorum,
838 1092 1138 1198 castellanorum,
1161 1091 1371 1179 officialium
1393 1106 1430 1178 et
1446 1089 1733 1180 ministerialium
1755 1119 2075 1214 quorumcumque

444 1213 518 1314 sic,
548 1209 651 1322 quud
678 1209 727 1301 de
747 1224 877 1300 cetero
897 1241 967 1328 per
986 1209 1143 1300 cosdem
1165 1241 1240 1306 non
1262 1209 1488 1312 iudicentur,
1520 1240 1592 1295 nec
1612 1210 1790 1314 citentur3
1822 1212 1977 1298 etciteti
1997 1241 2073 1300 non

444 1343 706 1445 compareant,
739 1358 838 1445 pena
868 1327 1025 1432 eosdem
1057 1329 1155 1417 nulla
1187 1342 1390 1440 sequente,
1421 1327 1489 1413 nisi
1521 1357 1649 1414 coram
1680 1327 1872 1414 nominato
1902 1327 2075 1418 Johenne

425 1458 574 1540 'nostro
595 1444 695 1533 lideli
707 1463 754 1534 et
768 1447 885 1565 ipsius
902 1447 1038 1565 pueris,
1059 1463 1123 1535 aut
1139 1446 1356 1534 eorumdem
1373 1446 1543 1550 sculteto,
1558 1447 1645 1561 jure
1665 1445 1819 1562 proprio
1840 1445 2074 1537 Theutoniou
2130 1465 2134 1472 ’

443 1562 679 1662 (hulmensi,
707 1566 904 1677 unicuique
926 1564 974 1651 de
994 1567 1086 1683 ipsis
1107 1565 1387 1678 querulantibus
1407 1563 1457 1650 ad
1479 1553 1627 1651 obiecta
1647 1562 1941 1679 respondebunt
1982 1565 2074 1651 ltem

435 1679 578 1768 damus
598 1681 760 1770 dohenni
780 1683 963 1799 predicto,
985 1699 1115 1770 nostro
1131 1683 1231 1768 fideli
1253 1698 1289 1768 et
1305 1683 1420 1797 ipsius
1437 1683 1576 1796 pueris,
1596 1681 1710 1791 quod
1731 1683 2074 1795 quocienscumque

443 1813 481 1886 et
500 1799 654 1910 quande
682 1801 803 1889 incole
835 1827 1052 1888 mansorum
1074 1799 1326 1915 predictorum
1349 1813 1540 1885 mutuose
1562 1798 1786 1903 occiderint,
1818 1800 1961 1888 tociens
1982 1801 2074 1888 inta-

443 1945 553 2034 grcm
586 1947 721 2034 penam
753 1916 964 2026 huiusmodi
997 1918 1128 2034 capitis
1155 1946 1225 2034 pro
1244 1907 1297 2004 'se
1325 1916 1471 2018 tollent,
1502 1917 1683 2031 recipient
1701 1929 1741 2003 et
1758 1915 1958 2024 leuabunt3
1989 1947 2073 2006 cum

443 2062 537 2128 vero
559 2038 735 2152 proprius
754 2049 992 2139 extraneum,
1024 2049 1089 2120 aut
1118 2049 1319 2120 extraneus
1349 2035 1516 2149 ipsorum
1544 2035 1735 2152 proprium
1763 2034 1923 2122 incolam
1949 2037 2074 2124 interi·

444 2154 553 2270 merit
568 2155 659 2265 (sic),
682 2169 768 2240 tunc
783 2152 1016 2240 medietatem
1033 2151 1290 2240 huiuscemodi
1306 2182 1403 2266 pene
1419 2151 1589 2269 capitalis
1605 2181 1675 2268 pro
1692 2183 1735 2238 se
1751 2149 1937 2239 leuebunt
1972 2153 2075 2242 lnter

444 2283 573 2359 cetera
593 2270 726 2358 damus
756 2269 918 2357 Jobanni
940 2271 1130 2388 predicto,
1162 2284 1200 2357 et
1218 2271 1334 2386 ipsius
1356 2270 1482 2386 pueris
1503 2299 1638 2356 onmes
1656 2299 1795 2358 causas
1817 2283 1890 2358 tom
1912 2299 2074 2391 magnas

443 2412 555 2498 quam
577 2418 736 2504 paruas,
767 2387 978 2476 criminales
1009 2400 1046 2476 et
1065 2388 1194 2476 ciuiles
1224 2387 1391 2476 iudicare
1421 2389 1514 2475 infra
1542 2388 1730 2506 granicies
1751 2417 1967 2476 mensorum
1988 2414 2074 2506 pre·

414 2492 648 2610 dictorum,
681 2518 858 2595 carceres
880 2522 918 2593 et
938 2507 1101 2624 patibula
1133 2508 1300 2624 erigere,
1331 2535 1463 2594 ournes
1494 2535 1677 2593 excessus
1709 2519 1747 2593 et
1765 2505 1901 2596 delicta
1933 2508 2073 2624 punire,

444 2623 681 2733 equalitatem
702 2655 798 2741 pene
820 2654 889 2741 pro
910 2625 1111 2736 equalitate.
1132 2626 1292 2712 criminis
1313 2623 1544 2740 inponendo,
1576 2622 1662 2712 licet
1682 2623 2075 2743 vindictasangwinis

444 2741 718 2828 mutilacionem
741 2743 911 2843 membri,
930 2758 997 2840 ,aut
1018 2743 1179 2829 ultimum
1199 2741 1420 2858 supplicium
1442 2744 1570 2860 exiget
1591 2743 1650 2827 uel
1670 2741 1863 2856 deposeat.
1902 2741 1945 2827 ln
1966 2743 2074 2827 cuius

441 2859 498 2962 rei
519 2861 787 2963 testimonium,
818 2859 980 2978 sigillum
1001 2877 1167 2948 nostrum
1190 2862 1309 2950 maius
1330 2862 1565 2976 presentibus
1592 2872 1651 2946 est
1677 2849 1911 2977 appensum.¹
1936 2858 2074 2945 Actum

444 2989 483 3062 et
503 2975 630 3064 datum
662 2979 697 3064 in
728 2983 868 3064 boman
896 2979 988 3065 ferie
1019 2991 1153 3090 quarta
1173 2993 1261 3096 post
1280 2977 1502 3064 dominicam
1524 2976 1636 3065 Oculi
1657 2980 1728 3063 mei
1748 2991 1819 3064 etc
1870 2976 1953 3062 Sub
1973 3004 2075 3064 anuto
2193 2969 2197 2980 ’
2229 3045 2231 3050 .

444 3093 583 3183 domini
603 3097 796 3184 millesimo
817 3095 1187 3214 quadringentesimo
1204 3095 1351 3184 decimo
1368 3111 1487 3184 sexto.
1517 3097 1763 3184 Presentibus
1779 3094 1915 3180 ibidem
1932 3109 2075 3183 strenu-

446 3211 489 3316 is,
509 3215 769 3327 nobilibusque
785 3215 874 3301 viris
891 3213 1060 3302 dominis:
1091 3212 1286 3302 Nadborio
1308 3212 1357 3301 de
1381 3208 1603 3327 Optircqorc
1617 3213 1833 3302 Vexillilero
1855 3211 2074 3299 uzechonc

446 3331 575 3438 uiensi,
592 3333 755 3421 Stiborio
773 3332 821 3419 de
837 3339 1095 3419 Scocleoezn'co
1111 3330 1304 3422 lllarsalco
1321 3334 1424 3420 curie
1440 3346 1580 3436 nostre,
1595 3330 1773 3419 decussio
1790 3329 1839 3417 de
1851 3331 2073 3429 Batulcokc,

445 3446 618 3538 lohanne
640 3450 688 3538 de
709 3457 937 3551 Zcborouo,
969 3451 1148 3538 lanussio
1170 3449 1218 3538 de
1238 3456 1455 3549 Messzewo,
1476 3451 1592 3536 Petro
1612 3450 1661 3536 de
1682 3455 1852 3562 Scipslo
1875 3447 2076 3534 heredibus

445 3568 583 3656 uostris
602 3568 795 3676 fidelibus,
826 3569 982 3658 testibus
1004 3571 1106 3656 circe
1127 3570 1324 3686 premissa.
1378 3569 1564 3685 Scriptum
1587 3597 1808 3685 permanes
1828 3565 1937 3686 Pauli
1958 3564 2004 3650 G.
2026 3562 2076 3650 de

446 3691 632 3773 Borzewo
655 3687 837 3774 Canonici
858 3687 1057 3776 Plucensis
1078 3703 1115 3775 et
1137 3687 1471 3775 Warscbouiensis
1492 3686 1753 3792 ecclesiarum,
1784 3714 1856 3774 nec
1876 3713 1953 3774 nou
1974 3681 2074 3768 Can·

448 3805 587 3894 cellarii
609 3807 711 3894 curie
733 3819 872 3910 nostre,
894 3808 956 3918 qui
976 3807 1176 3925 presencia
1196 3805 1323 3894 babuit
1343 3807 1378 3892 in
1399 3805 1583 3892 comissis.
1684 3895 1686 3902 Α
1872 3807 1875 3814 ’
2093 3803 2097 3810 ’
