4800 5942
983 760 1258 834 -ttos-

305 963 421 1050 murus
452 961 638 1079 Princeps
669 974 706 1048 et
736 959 930 1066 dominus,
947 1005 949 1010 ·
966 959 1139 1051 dominus
1169 959 1388 1049 Alexander
1407 960 1468 1050 dei
1488 963 1622 1081 gracia
1649 949 1818 1098 Magnus
1844 962 1933 1051 Dux

301 1080 513 1169 Litbwanie
543 1093 614 1167 etc
646 1090 728 1166 rata
750 1095 787 1166 et
807 1092 919 1198 grata
940 1066 1090 1168 babebil
1110 1082 1251 1186 omnia,
1282 1081 1345 1167 bio
1365 1079 1555 1187 ordinata,
1586 1082 1722 1186 iurata,
1753 1083 1934 1198 inscripta
2028 1141 2035 1146 -

187 1283 190 1288 Α
302 1213 339 1286 et
357 1199 556 1315 promissa.
611 1195 703 1284 ltem
724 1213 763 1284 ut
783 1227 856 1284 una
876 1201 967 1315 pars
986 1194 1093 1285 alteri
1113 1199 1162 1287 sit
1182 1197 1356 1303 consilio,
1376 1197 1478 1312 quod
1499 1197 1561 1286 Re
1592 1199 1627 1284 ia
1647 1196 1832 1287 Maiestas
1851 1199 1932 1287 iura

300 1345 349 1403 ac
378 1315 590 1421 libertates,
623 1330 660 1401 et
680 1314 882 1435 dignitates
900 1309 952 1402 ‘et
971 1316 1094 1404 cilicia
1124 1317 1317 1428 utriusque
1348 1314 1520 1433 dominij,
1549 1227 1654 1405 illesa
1676 1330 1932 1424 oonsuvaret,

215 1440 221 1450 ’
301 1435 425 1521 omnia
450 1434 557 1550 jura,
592 1431 755 1548 judicia,
790 1433 1105 1540 consuetudines,
1145 1429 1428 1554 prerogativae,
1465 1449 1504 1520 et
1532 1434 1720 1522 libertates
1748 1432 1933 1553 singulas,

302 1551 670 1665 constitucionesque
690 1551 916 1658 iudiciarias,
937 1554 987 1639 ab
1007 1552 1093 1639 olim
1115 1553 1150 1638 in
1165 1551 1541 1646 hactenusservatas
1561 1553 1754 1663 utriusque
1768 1550 1932 1666 domiuij,

301 1667 408 1756 salva
429 1682 466 1756 et
486 1669 614 1759 salvas
636 1669 914 1759 conservando.
970 1668 1063 1757 ltem
1085 1671 1267 1782 quociens
1287 1671 1487 1790 contigerit
1512 1671 1549 1757 in
1569 1670 1825 1758 coronacione
1845 1697 1934 1754 nour
2065 1735 2069 1750 ,

300 1786 446 1906 Regis,
470 1787 559 1903 jura
585 1784 713 1903 Regni
732 1817 802 1905 per
828 1785 980 1906 Regem
995 1777 1187 1877 'Electum'
1200 1789 1432 1895 consumari,
1464 1803 1553 1875 tunc
1572 1818 1647 1874 una
1667 1788 1786 1874 eciam
1807 1786 1931 1873 omnia

293 1907 383 2022 jura
413 1904 584 1992 Ducatus
615 1903 844 2012 Litbwanie,
875 1906 946 1992 sub
974 1935 1050 1994 uno
1078 1919 1254 1994 contextu
1281 1904 1472 2001 debebunt
1497 1906 1719 2010 contumaci.
1772 1903 1863 1992 Item
1893 1917 1933 1988 ut
2059 1929 2064 1934 ·

300 2019 401 2108 circa
422 2023 546 2110 omnia
566 2022 773 2110 iuramenta
794 2022 939 2129 luenda,
970 2037 1045 2111 tam
1067 2023 1365 2112 consiliariorum
1386 2023 1672 2129 modernorum,
1703 2046 1816 2132 quam
1835 2021 1933 2106 lutu-

202 2251 206 2256 .
299 2168 446 2246 rorum,
479 2140 597 2227 eciam
617 2142 920 2260 capitaneorum,
949 2155 1062 2254 atque
1086 2140 1238 2247 borum,
1275 2142 1339 2252 qui
1369 2169 1416 2226 ex
1445 2141 1638 2230 nobilitate
1656 2137 1707 2226 ad
1727 2136 1933 2257 prestanda

293 2259 507 2374 juramenta
527 2259 695 2346 venient:
726 2259 995 2376 premissorum
1025 2259 1251 2350 observacio
1280 2260 1447 2346 firmetur
1477 2258 1552 2346 inde
1573 2271 1611 2345 et
1631 2258 1785 2344 honore.
1839 2253 1932 2342 ltem

181 2417 202 2488 3
300 2376 348 2463 sit
378 2403 621 2493 expressum,
657 2377 892 2496 inscriptum,
924 2389 962 2466 et
975 2377 1190 2496 juramento
1211 2378 1415 2482 firmatum,
1446 2375 1549 2487 quod
1569 2388 1845 2494 conqueratur
1864 2400 1934 2491 per

262 2513 263 2516 ‘
298 2493 461 2612 aliquam
482 2494 647 2610 parcium
669 2495 744 2584 ullo
766 2511 973 2612 temporum
995 2496 1078 2608 (sic)
1100 2495 1256 2583 occasio
1286 2493 1535 2599 adversandi,
1572 2507 1609 2579 et
1630 2487 1935 2579 contraveniendi
2085 2537 2087 2546 ι

298 2609 536 2728 presentibus
557 2615 698 2730 pactis,
730 2645 852 2731 neque
873 2612 1165 2702 dismembrandi
1186 2613 1292 2701 istius
1312 2613 1425 2700 incliti
1445 2613 1552 2699 unius
1573 2611 1756 2726 corporis,
1777 2635 1935 2724 presen-
2088 2628 2098 2640 '

299 2729 397 2817 tibus
418 2729 517 2837 uniti,
539 2730 727 2848 compacti
747 2745 785 2818 et
805 2730 1049 2850 conglutinati
1065 2723 1132 2842 (2).
1174 2727 1408 2842 Que'omnia
1429 2743 1467 2817 et
1487 2726 1647 2848 singula,
1668 2727 1704 2812 in
1725 2725 1936 2844 preinserto

298 2844 486 2934 literarum
521 2850 761 2963 presencium
797 2861 952 2948 tenore,
993 2860 1108 2962 atque
1146 2847 1184 2929 in
1218 2847 1386 2932 articulis
1426 2845 1693 2962 suprascriptis
1735 2841 1936 2959 descripta,
2047 2861 2056 2883 ’

298 2992 483 3082 expressa
503 2977 540 3049 et
559 2961 750 3066 ordinata,
771 2991 843 3048 nos
863 2961 896 3046 F
897 2959 1091 3064 riderieus,
1113 2960 1175 3076 qui
1196 2990 1330 3077 supra,
1351 2989 1427 3047 una
1447 2990 1533 3048 cum
1553 2959 1732 3066 Prelatis,
1755 2971 1792 3047 et
1811 2957 1935 3044 Baro·

297 3079 407 3167 nibus
443 3077 569 3196 Regni
602 3077 758 3166 Polonie
789 3077 1076 3196 suprascriptis,
1112 3090 1291 3187 quantum
1321 3106 1393 3164 nos
1425 3091 1676 3182 concernunt,
1712 3075 1935 3163 immiteret

299 3193 557 3292 iuviolabiliter
575 3210 722 3302 tenere,
754 3191 979 3312 adimplere,
1009 3194 1162 3306 exequi,
1184 3209 1222 3282 et
1242 3195 1448 3282 observare
1469 3195 1506 3283 in
1526 3207 1764 3314 perpetuum,
1785 3224 1857 3284 nec
1878 3191 1935 3282 eis
2049 3211 2052 3222 '

298 3315 335 3402 in
356 3327 435 3402 toto
456 3314 517 3406 vel
539 3313 574 3402 in
595 3314 722 3431 parte,
753 3336 990 3425 quocumque
1019 3311 1202 3423 exquisito
1223 3311 1353 3400 colore
1374 3311 1434 3400 vel
1455 3313 1629 3431 iugenio,
1660 3313 1935 3420 contravenire,

300 3431 370 3519 sub
392 3462 509 3540 onere
528 3432 672 3550 prestiti
686 3429 905 3550 juramenti,
935 3459 984 3518 ac
1003 3429 1079 3518 fide
1101 3427 1304 3518 ethonore
1324 3429 1581 3546 promittimus,
1603 3445 1640 3518 et
1659 3459 1730 3518 uos
1750 3433 1934 3549 presenti·
1970 3455 1984 3486 ·

299 3551 370 3637 bus
392 3547 617 3668 obligamus.
668 3547 710 3636 lu
742 3575 902 3662 quorum
932 3549 1095 3636 omnium
1124 3545 1260 3651 lidem,
1296 3576 1343 3634 ac
1373 3547 1623 3638 testimonium
1653 3551 1935 3664 premissorum,

299 3665 423 3788 sigilla
459 3679 612 3770 nostra,
646 3666 985 3779 nonnullorumque
1019 3665 1199 3773 Militum,
1239 3665 1469 3772 Procerum,
1505 3678 1543 3752 et
1576 3662 1765 3754 Nobilium
1804 3663 1935 3788 Regni

224 3861 234 3868 .
298 3783 479 3892 Polonie,
510 3795 599 3872 suut
628 3783 864 3903 presentibus
895 3785 1150 3903 subappensa.
1205 3783 1342 3872 Actum
1373 3796 1410 3874 et
1437 3782 1564 3873 datum
1595 3785 1632 3871 in
1666 3783 1935 3874 Convencione

329 3901 469 3991 enerali
500 3906 829 4015 Ptjottrlcooierui,
866 3903 928 3990 die
958 3902 1146 3992 dominico
1176 3903 1214 3990 in
1236 3903 1405 4021 profesto
1436 3902 1557 3992 sancti
1581 3901 1796 4010 Francisci,
1831 3933 1933 3994 anno

299 3932 439 4110 Romini
470 4019 664 4112 millesimo
691 4021 993 4143 quingentesimo
1013 4022 1146 4139 primo.
1200 4019 1341 4110 Ibidem
1361 4019 1599 4140 presentibus
1619 4035 1657 4106 et
1676 4020 1725 4108 ad
1747 4021 1933 4139 premissa

300 4138 425 4226 omnia
441 4138 778 4244 consencientibus,
795 4155 832 4226 et
846 4151 1029 4258 perpetuo
1045 4155 1128 4226 rata
1144 4136 1378 4244 habentibus,
1394 4135 1695 4243 venerabilibus,
1709 4137 1933 4248 Generosis,

299 4270 337 4345 et
357 4242 552 4341 Nobilibus
573 4253 753 4342 dominis:
784 4253 945 4342 Nicolao
966 4255 1150 4370 Crzyozlri
1173 4255 1333 4342 Decano
1354 4253 1640 4360 cracoviensis,
1672 4271 1709 4343 et
1728 4253 1931 4373 Preposito

301 4371 587 4478 Poznaniensis,
606 4371 780 4461 lohanne
803 4370 990 4459 Conarslri
1012 4372 1279 4463 Craooviensis'
1295 4388 1331 4458 et
1347 4371 1477 4458 Sancti
1497 4370 1696 4460 lllicbaelis
1715 4374 1931 4492 Proposito,

299 4487 474 4580 lobanne
509 4487 558 4576 de
593 4493 716 4578 Laeto
752 4487 989 4598 Cancellario
1025 4489 1281 4596 Gneznensis,
1315 4488 1474 4578 Decano
1512 4487 1859 4600 Wladislaviensis,
1895 4509 1933 4585 ct

301 4608 505 4726 Proposito
548 4607 907 4714 Crusszwiciensis,
951 4606 1107 4696 Alberto
1149 4605 1289 4703 Gorski
1334 4607 1548 4696 Scolastico
1589 4608 1930 4720 WladislaviensiS,
2022 4655 2028 4664 ·

403 4872 442 4958 (²)
470 4873 587 4941 Omnes
601 4872 632 4940 hi
647 4873 764 4942 articuli
778 4876 962 4944 verbotenus
976 4873 1090 4942 exarati
1106 4875 1139 4945 in
1151 4873 1220 4942 Vol.
1234 4875 1308 4962 Lug.
1322 4877 1358 4944 Τ.
1372 4877 1441 4963 L'p.
1455 4875 1520 4946 286
1535 4897 1616 4945 auno
1634 4875 1724 4944 1406.
1746 4887 1763 4918 ·“
