<?xml version="1.0" encoding="UTF-8"?>
<!DOCTYPE html PUBLIC "-//W3C//DTD XHTML 1.0 Transitional//EN"
    "http://www.w3.org/TR/xhtml1/DTD/xhtml1-transitional.dtd">
<html xmlns="http://www.w3.org/1999/xhtml" xml:lang="en" lang="en">
 <head>
  <title>
</title>
<meta http-equiv="Content-Type" content="text/html;charset=utf-8" />
  <meta name='ocr-system' content='tesseract 3.04.00' />
  <meta name='ocr-capabilities' content='ocr_page ocr_carea ocr_par ocr_line ocrx_word'/>
</head>
<body>
  <div class='ocr_page' id='page_1' title='image "./codexdiplomatic02bartgoog_0153.png"; bbox 0 0 4788 5926; ppageno 0'>
   <div class='ocr_carea' id='block_1_1' title="bbox 1023 757 1299 830">
    <p class='ocr_par' dir='ltr' id='par_1_1' title="bbox 1023 757 1299 830">
     <span class='ocr_line' id='line_1_1' title="bbox 1023 757 1299 830; baseline 0 0"><span class='ocrx_word' id='word_1_1' title='bbox 1023 757 1299 830; x_wconf 83' lang='grc'>-115-</span> 
     </span>
    </p>
   </div>
   <div class='ocr_carea' id='block_1_2' title="bbox 196 950 2138 4481">
    <p class='ocr_par' dir='ltr' id='par_1_2' title="bbox 196 950 2138 4481">
     <span class='ocr_line' id='line_1_2' title="bbox 344 950 1975 1080; baseline 0.01 -40"><span class='ocrx_word' id='word_1_2' title='bbox 344 950 604 1042; x_wconf 85' lang='lat' dir='ltr'>Hebrici&#39;dicti</span> <span class='ocrx_word' id='word_1_3' title='bbox 622 951 672 1040; x_wconf 91' lang='lat' dir='ltr'>de</span> <span class='ocrx_word' id='word_1_4' title='bbox 693 953 827 1042; x_wconf 88' lang='lat' dir='ltr'>Touob</span> <span class='ocrx_word' id='word_1_5' title='bbox 840 954 933 1044; x_wconf 85' lang='lat' dir='ltr'>civis</span> <span class='ocrx_word' id='word_1_6' title='bbox 954 952 1225 1066; x_wconf 56' lang='lat' dir='ltr'>Poznanieffll,</span> <span class='ocrx_word' id='word_1_7' title='bbox 1246 976 1319 1074; x_wconf 87' lang='lat' dir='ltr'>que</span> <span class='ocrx_word' id='word_1_8' title='bbox 1335 957 1446 1044; x_wconf 88' lang='lat' dir='ltr'>nobis</span> <span class='ocrx_word' id='word_1_9' title='bbox 1461 973 1500 1044; x_wconf 91' lang='lat' dir='ltr'>et</span> <span class='ocrx_word' id='word_1_10' title='bbox 1515 961 1653 1048; x_wconf 87' lang='lat' dir='ltr'>nostris</span> <span class='ocrx_word' id='word_1_11' title='bbox 1669 963 1975 1080; x_wconf 78' lang='lat' dir='ltr'>progenitoribus¹</span> 
     </span>
     <span class='ocr_line' id='line_1_3' title="bbox 342 1069 1976 1178; baseline 0.01 -22"><span class='ocrx_word' id='word_1_12' title='bbox 342 1069 502 1160; x_wconf 85' lang='lat' dir='ltr'>fideliter</span> <span class='ocrx_word' id='word_1_13' title='bbox 522 1072 687 1160; x_wconf 80' lang='lat' dir='ltr'>exhibuit</span> <span class='ocrx_word' id='word_1_14' title='bbox 706 1085 745 1156; x_wconf 90' lang='lat' dir='ltr'>et</span> <span class='ocrx_word' id='word_1_15' title='bbox 764 1070 945 1178; x_wconf 79' lang='lat' dir='ltr'><strong>ostendit,</strong></span> <span class='ocrx_word' id='word_1_16' title='bbox 979 1071 1027 1156; x_wconf 89' lang='lat' dir='ltr'>de</span> <span class='ocrx_word' id='word_1_17' title='bbox 1048 1087 1179 1160; x_wconf 89' lang='lat' dir='ltr'>nostra</span> <span class='ocrx_word' id='word_1_18' title='bbox 1199 1103 1275 1160; x_wconf 92' lang='lat' dir='ltr'>non</span> <span class='ocrx_word' id='word_1_19' title='bbox 1295 1074 1384 1160; x_wconf 79' lang='lat' dir='ltr'>stota</span> <span class='ocrx_word' id='word_1_20' title='bbox 1404 1076 1596 1164; x_wconf 89' lang='lat' dir='ltr'>voluntate</span> <span class='ocrx_word' id='word_1_21' title='bbox 1626 1085 1664 1164; x_wconf 83' lang='lat' dir='ltr'>el</span> <span class='ocrx_word' id='word_1_22' title='bbox 1684 1079 1826 1168; x_wconf 88' lang='lat' dir='ltr'>salubri</span> <span class='ocrx_word' id='word_1_23' title='bbox 1847 1081 1976 1172; x_wconf 89' lang='lat' dir='ltr'>habito</span> 
     </span>
     <span class='ocr_line' id='line_1_4' title="bbox 314 1187 1975 1312; baseline 0.008 -36"><span class='ocrx_word' id='word_1_24' title='bbox 314 1221 317 1234; x_wconf 90' lang='lat'><strong>·</strong></span> <span class='ocrx_word' id='word_1_25' title='bbox 343 1203 557 1284; x_wconf 87' lang='lat' dir='ltr'>nostrorum</span> <span class='ocrx_word' id='word_1_26' title='bbox 577 1187 772 1276; x_wconf 85' lang='lat' dir='ltr'>Beronum</span> <span class='ocrx_word' id='word_1_27' title='bbox 795 1188 963 1293; x_wconf 89' lang='lat' dir='ltr'>oonsilio,</span> <span class='ocrx_word' id='word_1_28' title='bbox 989 1190 1059 1275; x_wconf 83' lang='lat' dir='ltr'>sibi</span> <span class='ocrx_word' id='word_1_29' title='bbox 1081 1191 1236 1310; x_wconf 86' lang='lat' dir='ltr'>suisque</span> <span class='ocrx_word' id='word_1_30' title='bbox 1256 1195 1545 1280; x_wconf 89' lang='lat' dir='ltr'>successoribus</span> <span class='ocrx_word' id='word_1_31' title='bbox 1566 1195 1774 1312; x_wconf 82' lang='lat' dir='ltr'>legittimis,</span> <span class='ocrx_word' id='word_1_32' title='bbox 1805 1213 1975 1290; x_wconf 88' lang='lat' dir='ltr'>nostram</span> 
     </span>
     <span class='ocr_line' id='line_1_5' title="bbox 343 1305 2028 1434; baseline 0.007 -40"><span class='ocrx_word' id='word_1_33' title='bbox 343 1305 516 1394; x_wconf 76' lang='lat' dir='ltr'>dedimus</span> <span class='ocrx_word' id='word_1_34' title='bbox 532 1305 774 1394; x_wconf 67' lang='lat' dir='ltr'>hereditatem</span> <span class='ocrx_word' id='word_1_35' title='bbox 790 1335 864 1423; x_wconf 90' lang='lat' dir='ltr'>que</span> <span class='ocrx_word' id='word_1_36' title='bbox 882 1305 1151 1420; x_wconf 58' lang='lat' dir='ltr'>Gorczynolil)</span> <span class='ocrx_word' id='word_1_37' title='bbox 1173 1309 1366 1428; x_wconf 82' lang='lat' dir='ltr'>wlgariter</span> <span class='ocrx_word' id='word_1_38' title='bbox 1386 1324 1622 1434; x_wconf 89' lang='lat' dir='ltr'>nuncupatur</span> <span class='ocrx_word' id='word_1_39' title='bbox 1642 1313 1875 1402; x_wconf 87' lang='lat' dir='ltr'>Theotunioo</span> <span class='ocrx_word' id='word_1_40' title='bbox 1889 1317 1978 1432; x_wconf 81' lang='lat' dir='ltr'>jure</span> <span class='ocrx_word' id='word_1_41' title='bbox 2026 1365 2028 1374; x_wconf 27' lang='grc' dir='ltr'>ψ</span> 
     </span>
     <span class='ocr_line' id='line_1_6' title="bbox 345 1421 1977 1546; baseline 0.007 -35"><span class='ocrx_word' id='word_1_42' title='bbox 345 1421 566 1528; x_wconf 81' lang='lat' dir='ltr'>locmrdem3</span> <span class='ocrx_word' id='word_1_43' title='bbox 597 1425 719 1540; x_wconf 86' lang='lat' dir='ltr'>ipsum</span> <span class='ocrx_word' id='word_1_44' title='bbox 750 1438 788 1510; x_wconf 92' lang='lat' dir='ltr'>et</span> <span class='ocrx_word' id='word_1_45' title='bbox 811 1453 904 1512; x_wconf 87' lang='lat' dir='ltr'>suos</span> <span class='ocrx_word' id='word_1_46' title='bbox 925 1437 1173 1514; x_wconf 77' lang='lat' dir='ltr'>successores</span> <span class='ocrx_word' id='word_1_47' title='bbox 1193 1427 1397 1542; x_wconf 77' lang='lat' dir='ltr'>legittimus</span> <span class='ocrx_word' id='word_1_48' title='bbox 1419 1459 1534 1545; x_wconf 89' lang='lat' dir='ltr'>super</span> <span class='ocrx_word' id='word_1_49' title='bbox 1547 1430 1627 1546; x_wconf 87' lang='lat' dir='ltr'>jam</span> <span class='ocrx_word' id='word_1_50' title='bbox 1649 1429 1748 1517; x_wconf 88' lang='lat' dir='ltr'>dieta</span> <span class='ocrx_word' id='word_1_51' title='bbox 1768 1431 1977 1524; x_wconf 84' lang='lat' dir='ltr'>hereditate</span> 
     </span>
     <span class='ocr_line' id='line_1_7' title="bbox 344 1540 1976 1661; baseline 0.008 -33"><span class='ocrx_word' id='word_1_52' title='bbox 344 1540 552 1628; x_wconf 85' lang='lat' dir='ltr'>Scultetum</span> <span class='ocrx_word' id='word_1_53' title='bbox 572 1541 839 1629; x_wconf 89' lang='lat' dir='ltr'>bereditarium</span> <span class='ocrx_word' id='word_1_54' title='bbox 859 1553 1086 1647; x_wconf 87' lang='lat' dir='ltr'>statuentes,</span> <span class='ocrx_word' id='word_1_55' title='bbox 1112 1551 1218 1661; x_wconf 88' lang='lat' dir='ltr'>juxta</span> <span class='ocrx_word' id='word_1_56' title='bbox 1234 1548 1300 1661; x_wconf 89' lang='lat' dir='ltr'>jus</span> <span class='ocrx_word' id='word_1_57' title='bbox 1318 1545 1595 1633; x_wconf 87' lang='lat' dir='ltr'>Poznaniense.</span> <span class='ocrx_word' id='word_1_58' title='bbox 1647 1547 1821 1635; x_wconf 86' lang='lat' dir='ltr'>Racione</span> <span class='ocrx_word' id='word_1_59' title='bbox 1850 1563 1976 1642; x_wconf 87' lang='lat' dir='ltr'>autem</span> 
     </span>
     <span class='ocr_line' id='line_1_8' title="bbox 342 1656 1975 1782; baseline 0.004 -34"><span class='ocrx_word' id='word_1_60' title='bbox 342 1667 412 1748; x_wconf 89' lang='lat' dir='ltr'>sue</span> <span class='ocrx_word' id='word_1_61' title='bbox 433 1656 639 1746; x_wconf 86' lang='lat' dir='ltr'>looacionis</span> <span class='ocrx_word' id='word_1_62' title='bbox 661 1661 742 1776; x_wconf 90' lang='lat' dir='ltr'>ipse</span> <span class='ocrx_word' id='word_1_63' title='bbox 762 1673 884 1747; x_wconf 86' lang='lat' dir='ltr'>elsua</span> <span class='ocrx_word' id='word_1_64' title='bbox 907 1661 1205 1778; x_wconf 85' lang='lat' dir='ltr'>posteritasjure</span> <span class='ocrx_word' id='word_1_65' title='bbox 1221 1661 1447 1750; x_wconf 88' lang='lat' dir='ltr'>hereditario</span> <span class='ocrx_word' id='word_1_66' title='bbox 1462 1664 1577 1750; x_wconf 89' lang='lat' dir='ltr'>libere</span> <span class='ocrx_word' id='word_1_67' title='bbox 1593 1665 1813 1782; x_wconf 80' lang='lat' dir='ltr'>possideant</span> <span class='ocrx_word' id='word_1_68' title='bbox 1826 1680 1975 1772; x_wconf 76' lang='lat' dir='ltr'>sextum</span> 
     </span>
     <span class='ocr_line' id='line_1_9' title="bbox 340 1779 1975 1900; baseline 0.007 -38"><span class='ocrx_word' id='word_1_69' title='bbox 340 1805 515 1864; x_wconf 88' lang='lat' dir='ltr'>mansum</span> <span class='ocrx_word' id='word_1_70' title='bbox 535 1807 619 1863; x_wconf 94' lang='lat' dir='ltr'>cum</span> <span class='ocrx_word' id='word_1_71' title='bbox 640 1779 812 1864; x_wconf 93' lang='lat' dir='ltr'>omnibus</span> <span class='ocrx_word' id='word_1_72' title='bbox 832 1779 1090 1895; x_wconf 78' lang='lat' dir='ltr'>pertinenciis,</span> <span class='ocrx_word' id='word_1_73' title='bbox 1122 1781 1219 1867; x_wconf 89' lang='lat' dir='ltr'>sicut</span> <span class='ocrx_word' id='word_1_74' title='bbox 1240 1811 1312 1870; x_wconf 89' lang='lat' dir='ltr'>nos</span> <span class='ocrx_word' id='word_1_75' title='bbox 1333 1797 1484 1869; x_wconf 91' lang='lat' dir='ltr'>nostras</span> <span class='ocrx_word' id='word_1_76' title='bbox 1505 1783 1754 1900; x_wconf 87' lang='lat' dir='ltr'>possidemus.</span> <span class='ocrx_word' id='word_1_77' title='bbox 1793 1784 1975 1872; x_wconf 85' lang='lat' dir='ltr'>dudicare</span> 
     </span>
     <span class='ocr_line' id='line_1_10' title="bbox 341 1893 1974 2020; baseline 0.006 -38"><span class='ocrx_word' id='word_1_78' title='bbox 341 1894 462 1982; x_wconf 83' lang='lat' dir='ltr'>osiam</span> <span class='ocrx_word' id='word_1_79' title='bbox 483 1893 647 1982; x_wconf 89' lang='lat' dir='ltr'>babeant</span> <span class='ocrx_word' id='word_1_80' title='bbox 664 1923 798 1983; x_wconf 91' lang='lat' dir='ltr'>omnes</span> <span class='ocrx_word' id='word_1_81' title='bbox 819 1925 959 1984; x_wconf 80' lang='lat' dir='ltr'>causas</span> <span class='ocrx_word' id='word_1_82' title='bbox 981 1898 1075 1984; x_wconf 90' lang='lat' dir='ltr'>inter</span> <span class='ocrx_word' id='word_1_83' title='bbox 1094 1895 1353 1987; x_wconf 83' lang='lat' dir='ltr'>Teuthonioos</span> <span class='ocrx_word' id='word_1_84' title='bbox 1374 1914 1412 1986; x_wconf 91' lang='lat' dir='ltr'>et</span> <span class='ocrx_word' id='word_1_85' title='bbox 1431 1899 1614 2000; x_wconf 87' lang='lat' dir='ltr'>Polonos,</span> <span class='ocrx_word' id='word_1_86' title='bbox 1636 1919 1796 2018; x_wconf 85' lang='lat' dir='ltr'>excepto</span> <span class='ocrx_word' id='word_1_87' title='bbox 1817 1933 1974 2020; x_wconf 90' lang='lat' dir='ltr'>suspen·</span> 
     </span>
     <span class='ocr_line' id='line_1_11' title="bbox 340 2007 1974 2134; baseline 0.007 -38"><span class='ocrx_word' id='word_1_88' title='bbox 340 2007 416 2115; x_wconf 95' lang='lat' dir='ltr'>dio,</span> <span class='ocrx_word' id='word_1_89' title='bbox 435 2013 631 2100; x_wconf 77' lang='lat' dir='ltr'>sentencia</span> <span class='ocrx_word' id='word_1_90' title='bbox 652 2014 799 2129; x_wconf 92' lang='lat' dir='ltr'>capitali</span> <span class='ocrx_word' id='word_1_91' title='bbox 821 2043 868 2100; x_wconf 87' lang='lat' dir='ltr'>ac</span> <span class='ocrx_word' id='word_1_92' title='bbox 889 2015 1101 2120; x_wconf 90' lang='lat' dir='ltr'>bomicidio,</span> <span class='ocrx_word' id='word_1_93' title='bbox 1122 2047 1196 2134; x_wconf 88' lang='lat' dir='ltr'>que</span> <span class='ocrx_word' id='word_1_94' title='bbox 1216 2045 1333 2105; x_wconf 88' lang='lat' dir='ltr'>cause</span> <span class='ocrx_word' id='word_1_95' title='bbox 1348 2047 1477 2104; x_wconf 91' lang='lat' dir='ltr'>coram</span> <span class='ocrx_word' id='word_1_96' title='bbox 1498 2017 1700 2107; x_wconf 85' lang='lat' dir='ltr'>Advocato</span> <span class='ocrx_word' id='word_1_97' title='bbox 1720 2021 1974 2108; x_wconf 90' lang='lat' dir='ltr'>Poznanieosi</span> 
     </span>
     <span class='ocr_line' id='line_1_12' title="bbox 340 2129 1974 2245; baseline 0.008 -32"><span class='ocrx_word' id='word_1_98' title='bbox 340 2129 560 2245; x_wconf 88' lang='lat' dir='ltr'>provinciali</span> <span class='ocrx_word' id='word_1_99' title='bbox 590 2129 932 2218; x_wconf 75' lang='lat' dir='ltr'>debeantdittnin.</span> <span class='ocrx_word' id='word_1_100' title='bbox 982 2130 1252 2222; x_wconf 87' lang='lat' dir='ltr'>Nicbilominus</span> <span class='ocrx_word' id='word_1_101' title='bbox 1284 2135 1500 2222; x_wconf 87' lang='lat' dir='ltr'>earumdem</span> <span class='ocrx_word' id='word_1_102' title='bbox 1533 2167 1733 2223; x_wconf 79' lang='lat' dir='ltr'>causamn</span> <span class='ocrx_word' id='word_1_103' title='bbox 1765 2153 1800 2224; x_wconf 91' lang='lat' dir='ltr'>et</span> <span class='ocrx_word' id='word_1_104' title='bbox 1820 2137 1974 2226; x_wconf 85' lang='lat' dir='ltr'>aliorum</span> 
     </span>
     <span class='ocr_line' id='line_1_13' title="bbox 340 2246 2135 2368; baseline 0.006 -36"><span class='ocrx_word' id='word_1_105' title='bbox 340 2246 503 2334; x_wconf 89' lang='lat' dir='ltr'>onmium</span> <span class='ocrx_word' id='word_1_106' title='bbox 525 2247 926 2367; x_wconf 86' lang='lat' dir='ltr'>ubicunqueloeorum</span> <span class='ocrx_word' id='word_1_107' title='bbox 948 2250 984 2336; x_wconf 94' lang='lat' dir='ltr'>in</span> <span class='ocrx_word' id='word_1_108' title='bbox 1006 2252 1090 2368; x_wconf 92' lang='lat' dir='ltr'>ipsa</span> <span class='ocrx_word' id='word_1_109' title='bbox 1108 2253 1195 2338; x_wconf 86' lang='lat' dir='ltr'>villa</span> <span class='ocrx_word' id='word_1_110' title='bbox 1215 2253 1275 2338; x_wconf 90' lang='lat' dir='ltr'>vel</span> <span class='ocrx_word' id='word_1_111' title='bbox 1297 2254 1383 2340; x_wconf 88' lang='lat' dir='ltr'>alibi</span> <span class='ocrx_word' id='word_1_112' title='bbox 1405 2251 1648 2340; x_wconf 89' lang='lat' dir='ltr'>determinate</span> <span class='ocrx_word' id='word_1_113' title='bbox 1667 2255 1821 2362; x_wconf 88' lang='lat' dir='ltr'>luerint,</span> <span class='ocrx_word' id='word_1_114' title='bbox 1851 2253 1991 2344; x_wconf 86' lang='lat' dir='ltr'>dictus·</span> <span class='ocrx_word' id='word_1_115' title='bbox 2129 2263 2135 2276; x_wconf 78' lang='grc'><em>“</em></span> 
     </span>
     <span class='ocr_line' id='line_1_14' title="bbox 341 2361 1974 2485; baseline 0.005 -35"><span class='ocrx_word' id='word_1_116' title='bbox 341 2361 530 2452; x_wconf 85' lang='lat' dir='ltr'>Henricus</span> <span class='ocrx_word' id='word_1_117' title='bbox 562 2381 599 2452; x_wconf 90' lang='lat' dir='ltr'>et</span> <span class='ocrx_word' id='word_1_118' title='bbox 625 2397 694 2452; x_wconf 89' lang='lat' dir='ltr'>sua</span> <span class='ocrx_word' id='word_1_119' title='bbox 726 2367 930 2481; x_wconf 80' lang='lat' dir='ltr'>posteritas</span> <span class='ocrx_word' id='word_1_120' title='bbox 961 2369 1117 2453; x_wconf 86' lang='lat' dir='ltr'>tercium</span> <span class='ocrx_word' id='word_1_121' title='bbox 1144 2368 1334 2455; x_wconf 87' lang='lat' dir='ltr'>denarium</span> <span class='ocrx_word' id='word_1_122' title='bbox 1365 2371 1561 2485; x_wconf 83' lang='lat' dir='ltr'>percipere</span> <span class='ocrx_word' id='word_1_123' title='bbox 1593 2385 1807 2476; x_wconf 86' lang='lat' dir='ltr'>teneantur,</span> <span class='ocrx_word' id='word_1_124' title='bbox 1839 2387 1878 2458; x_wconf 91' lang='lat' dir='ltr'>ut</span> <span class='ocrx_word' id='word_1_125' title='bbox 1898 2383 1974 2458; x_wconf 85' lang='lat' dir='ltr'>est:</span> 
     </span>
     <span class='ocr_line' id='line_1_15' title="bbox 343 2480 1974 2606; baseline 0.002 -36"><span class='ocrx_word' id='word_1_126' title='bbox 343 2483 556 2596; x_wconf 86' lang='lat' dir='ltr'>suspensio,</span> <span class='ocrx_word' id='word_1_127' title='bbox 577 2480 814 2570; x_wconf 80' lang='lat' dir='ltr'>homicidium</span> <span class='ocrx_word' id='word_1_128' title='bbox 837 2500 873 2570; x_wconf 91' lang='lat' dir='ltr'>et</span> <span class='ocrx_word' id='word_1_129' title='bbox 888 2485 1078 2572; x_wconf 87' lang='lat' dir='ltr'>sentencia</span> <span class='ocrx_word' id='word_1_130' title='bbox 1096 2485 1276 2602; x_wconf 87' lang='lat' dir='ltr'>capitalis.</span> <span class='ocrx_word' id='word_1_131' title='bbox 1307 2486 1526 2574; x_wconf 86' lang='lat' dir='ltr'>Molendina</span> <span class='ocrx_word' id='word_1_132' title='bbox 1596 2518 1766 2606; x_wconf 91' lang='lat' dir='ltr'>ecunque</span> <span class='ocrx_word' id='word_1_133' title='bbox 1782 2490 1852 2576; x_wconf 90' lang='lat' dir='ltr'>sibi</span> <span class='ocrx_word' id='word_1_134' title='bbox 1868 2485 1974 2600; x_wconf 80' lang='lat' dir='ltr'>(tibi)</span> 
     </span>
     <span class='ocr_line' id='line_1_16' title="bbox 342 2597 1974 2722; baseline 0.005 -38"><span class='ocrx_word' id='word_1_135' title='bbox 342 2597 431 2684; x_wconf 86' lang='lat' dir='ltr'>lieri.</span> <span class='ocrx_word' id='word_1_136' title='bbox 446 2599 628 2715; x_wconf 88' lang='lat' dir='ltr'>poterint,</span> <span class='ocrx_word' id='word_1_137' title='bbox 666 2601 747 2716; x_wconf 91' lang='lat' dir='ltr'>ipse</span> <span class='ocrx_word' id='word_1_138' title='bbox 768 2615 805 2686; x_wconf 87' lang='lat' dir='ltr'>et</span> <span class='ocrx_word' id='word_1_139' title='bbox 824 2629 895 2687; x_wconf 86' lang='lat' dir='ltr'>sua</span> <span class='ocrx_word' id='word_1_140' title='bbox 915 2603 1115 2717; x_wconf 87' lang='lat' dir='ltr'>posteritas</span> <span class='ocrx_word' id='word_1_141' title='bbox 1136 2613 1318 2719; x_wconf 87' lang='lat' dir='ltr'>perpetuo</span> <span class='ocrx_word' id='word_1_142' title='bbox 1339 2602 1533 2720; x_wconf 89' lang='lat' dir='ltr'>possideat</span> <span class='ocrx_word' id='word_1_143' title='bbox 1564 2605 1668 2691; x_wconf 87' lang='lat' dir='ltr'>ibere</span> <span class='ocrx_word' id='word_1_144' title='bbox 1689 2621 1724 2690; x_wconf 79' lang='lat' dir='ltr'>et</span> <span class='ocrx_word' id='word_1_145' title='bbox 1746 2607 1870 2722; x_wconf 91' lang='lat' dir='ltr'>quiete</span> <span class='ocrx_word' id='word_1_146' title='bbox 1889 2632 1974 2692; x_wconf 92' lang='lat' dir='ltr'>cum</span> 
     </span>
     <span class='ocr_line' id='line_1_17' title="bbox 338 2715 1975 2840; baseline 0.004 -38"><span class='ocrx_word' id='word_1_147' title='bbox 338 2733 414 2802; x_wconf 87' lang='lat' dir='ltr'>una</span> <span class='ocrx_word' id='word_1_148' title='bbox 434 2715 551 2804; x_wconf 88' lang='lat' dir='ltr'>libera</span> <span class='ocrx_word' id='word_1_149' title='bbox 571 2716 738 2804; x_wconf 88' lang='lat' dir='ltr'>taberna.</span> <span class='ocrx_word' id='word_1_150' title='bbox 780 2717 840 2804; x_wconf 90' lang='lat' dir='ltr'>De</span> <span class='ocrx_word' id='word_1_151' title='bbox 861 2720 952 2806; x_wconf 89' lang='lat' dir='ltr'>ortis</span> <span class='ocrx_word' id='word_1_152' title='bbox 972 2732 1096 2805; x_wconf 89' lang='lat' dir='ltr'>autem</span> <span class='ocrx_word' id='word_1_153' title='bbox 1119 2721 1298 2840; x_wconf 92' lang='lat' dir='ltr'>quidquid</span> <span class='ocrx_word' id='word_1_154' title='bbox 1319 2719 1548 2838; x_wconf 85' lang='lat' dir='ltr'>lieripbtest</span> <span class='ocrx_word' id='word_1_155' title='bbox 1569 2725 1605 2808; x_wconf 93' lang='lat' dir='ltr'>in</span> <span class='ocrx_word' id='word_1_156' title='bbox 1627 2722 1732 2839; x_wconf 83' lang='lat' dir='ltr'>agris</span> <span class='ocrx_word' id='word_1_157' title='bbox 1753 2725 1762 2806; x_wconf 94' lang='lat' dir='ltr'>i</span> <span class='ocrx_word' id='word_1_158' title='bbox 1792 2724 1844 2808; x_wconf 90' lang='lat' dir='ltr'>sis</span> <span class='ocrx_word' id='word_1_159' title='bbox 1864 2723 1975 2838; x_wconf 87' lang='lat' dir='ltr'>perti·</span> 
     </span>
     <span class='ocr_line' id='line_1_18' title="bbox 341 2752 1975 2958; baseline 0.003 -37"><span class='ocrx_word' id='word_1_160' title='bbox 341 2834 526 2938; x_wconf 78' lang='lat' dir='ltr'>nantibus,</span> <span class='ocrx_word' id='word_1_161' title='bbox 548 2863 632 2920; x_wconf 90' lang='lat' dir='ltr'>cum</span> <span class='ocrx_word' id='word_1_162' title='bbox 654 2835 826 2922; x_wconf 92' lang='lat' dir='ltr'>omnibus</span> <span class='ocrx_word' id='word_1_163' title='bbox 847 2836 1060 2924; x_wconf 79' lang='lat' dir='ltr'>utilitatibus</span> <span class='ocrx_word' id='word_1_164' title='bbox 1081 2837 1201 2926; x_wconf 89' lang='lat' dir='ltr'>libere</span> <span class='ocrx_word' id='word_1_165' title='bbox 1212 2839 1433 2958; x_wconf 87' lang='lat' dir='ltr'>possideant</span> <span class='ocrx_word' id='word_1_166' title='bbox 1453 2855 1490 2926; x_wconf 90' lang='lat' dir='ltr'>et</span> <span class='ocrx_word' id='word_1_167' title='bbox 1504 2841 1639 2955; x_wconf 89' lang='lat' dir='ltr'>quiete.</span> <span class='ocrx_word' id='word_1_168' title='bbox 1671 2752 1866 2957; x_wconf 77' lang='lat' dir='ltr'>Quidquid</span> <span class='ocrx_word' id='word_1_169' title='bbox 1880 2867 1975 2926; x_wconf 90' lang='lat' dir='ltr'>vero</span> 
     </span>
     <span class='ocr_line' id='line_1_19' title="bbox 338 2947 1975 3073; baseline 0.004 -37"><span class='ocrx_word' id='word_1_170' title='bbox 338 2947 389 3036; x_wconf 87' lang='lat' dir='ltr'>de</span> <span class='ocrx_word' id='word_1_171' title='bbox 403 2951 560 3067; x_wconf 88' lang='lat' dir='ltr'>piscinis</span> <span class='ocrx_word' id='word_1_172' title='bbox 572 2953 652 3038; x_wconf 81' lang='lat' dir='ltr'>lieri</span> <span class='ocrx_word' id='word_1_173' title='bbox 668 2965 792 3070; x_wconf 89' lang='lat' dir='ltr'>potest</span> <span class='ocrx_word' id='word_1_174' title='bbox 812 2954 849 3040; x_wconf 90' lang='lat' dir='ltr'>in</span> <span class='ocrx_word' id='word_1_175' title='bbox 865 2953 1031 3045; x_wconf 88' lang='lat' dir='ltr'>districtu</span> <span class='ocrx_word' id='word_1_176' title='bbox 1049 2956 1218 3072; x_wconf 87' lang='lat' dir='ltr'>ejusdem</span> <span class='ocrx_word' id='word_1_177' title='bbox 1234 2953 1467 3064; x_wconf 73' lang='lat' dir='ltr'>hereditatis,</span> <span class='ocrx_word' id='word_1_178' title='bbox 1487 2958 1558 3073; x_wconf 91' lang='lat' dir='ltr'>ipsi</span> <span class='ocrx_word' id='word_1_179' title='bbox 1575 2972 1612 3041; x_wconf 86' lang='lat' dir='ltr'>et</span> <span class='ocrx_word' id='word_1_180' title='bbox 1626 2959 1683 3043; x_wconf 92' lang='lat' dir='ltr'>sui</span> <span class='ocrx_word' id='word_1_181' title='bbox 1699 2957 1843 3070; x_wconf 89' lang='lat' dir='ltr'>posteri</span> <span class='ocrx_word' id='word_1_182' title='bbox 1856 2953 1975 3042; x_wconf 87' lang='lat' dir='ltr'>bbere</span> 
     </span>
     <span class='ocr_line' id='line_1_20' title="bbox 340 3068 1974 3192; baseline 0.006 -39"><span class='ocrx_word' id='word_1_183' title='bbox 340 3068 492 3156; x_wconf 86' lang='lat' dir='ltr'>valeant</span> <span class='ocrx_word' id='word_1_184' title='bbox 510 3069 722 3184; x_wconf 89' lang='lat' dir='ltr'>possidere.</span> <span class='ocrx_word' id='word_1_185' title='bbox 774 3071 910 3159; x_wconf 85' lang='lat' dir='ltr'>Dictus</span> <span class='ocrx_word' id='word_1_186' title='bbox 932 3085 1056 3160; x_wconf 87' lang='lat' dir='ltr'>eutem</span> <span class='ocrx_word' id='word_1_187' title='bbox 1088 3072 1278 3161; x_wconf 87' lang='lat' dir='ltr'>Henricus</span> <span class='ocrx_word' id='word_1_188' title='bbox 1298 3090 1335 3161; x_wconf 88' lang='lat' dir='ltr'>et</span> <span class='ocrx_word' id='word_1_189' title='bbox 1355 3105 1425 3160; x_wconf 88' lang='lat' dir='ltr'>sua</span> <span class='ocrx_word' id='word_1_190' title='bbox 1445 3075 1648 3192; x_wconf 84' lang='lat' dir='ltr'>posteritas</span> <span class='ocrx_word' id='word_1_191' title='bbox 1679 3073 1790 3160; x_wconf 88' lang='lat' dir='ltr'>bonis</span> <span class='ocrx_word' id='word_1_192' title='bbox 1819 3072 1974 3162; x_wconf 89' lang='lat' dir='ltr'>anobis</span> 
     </span>
     <span class='ocr_line' id='line_1_21' title="bbox 257 3183 1974 3306; baseline 0.003 -34"><span class='ocrx_word' id='word_1_193' title='bbox 257 3263 260 3272; x_wconf 89' lang='lat'><em>.</em></span> <span class='ocrx_word' id='word_1_194' title='bbox 341 3183 378 3270; x_wconf 94' lang='lat' dir='ltr'>in</span> <span class='ocrx_word' id='word_1_195' title='bbox 400 3183 534 3271; x_wconf 90' lang='lat' dir='ltr'>eadem</span> <span class='ocrx_word' id='word_1_196' title='bbox 552 3185 759 3274; x_wconf 89' lang='lat' dir='ltr'>hereditate</span> <span class='ocrx_word' id='word_1_197' title='bbox 780 3189 935 3276; x_wconf 88' lang='lat' dir='ltr'>racione</span> <span class='ocrx_word' id='word_1_198' title='bbox 955 3222 1024 3278; x_wconf 91' lang='lat' dir='ltr'>sue</span> <span class='ocrx_word' id='word_1_199' title='bbox 1044 3191 1250 3279; x_wconf 89' lang='lat' dir='ltr'>locacionis</span> <span class='ocrx_word' id='word_1_200' title='bbox 1270 3193 1449 3306; x_wconf 89' lang='lat' dir='ltr'>receptis,</span> <span class='ocrx_word' id='word_1_201' title='bbox 1470 3192 1578 3278; x_wconf 90' lang='lat' dir='ltr'>nobis</span> <span class='ocrx_word' id='word_1_202' title='bbox 1600 3204 1638 3277; x_wconf 93' lang='lat' dir='ltr'>et</span> <span class='ocrx_word' id='word_1_203' title='bbox 1658 3192 1796 3276; x_wconf 91' lang='lat' dir='ltr'>nostris</span> <span class='ocrx_word' id='word_1_204' title='bbox 1816 3219 1974 3278; x_wconf 87' lang='lat' dir='ltr'>succes-</span> 
     </span>
     <span class='ocr_line' id='line_1_22' title="bbox 340 3297 1974 3424; baseline 0.003 -36"><span class='ocrx_word' id='word_1_205' title='bbox 340 3301 491 3388; x_wconf 89' lang='lat' dir='ltr'>soribus</span> <span class='ocrx_word' id='word_1_206' title='bbox 505 3302 605 3388; x_wconf 90' lang='lat' dir='ltr'>nullo</span> <span class='ocrx_word' id='word_1_207' title='bbox 623 3307 770 3419; x_wconf 88' lang='lat' dir='ltr'>penitus</span> <span class='ocrx_word' id='word_1_208' title='bbox 786 3306 859 3391; x_wconf 89' lang='lat' dir='ltr'>sint</span> <span class='ocrx_word' id='word_1_209' title='bbox 875 3302 1030 3424; x_wconf 86' lang='lat' dir='ltr'>obligati</span> <span class='ocrx_word' id='word_1_210' title='bbox 1046 3297 1218 3412; x_wconf 87' lang='lat' dir='ltr'>servicio,</span> <span class='ocrx_word' id='word_1_211' title='bbox 1237 3309 1306 3391; x_wconf 91' lang='lat' dir='ltr'>nisi</span> <span class='ocrx_word' id='word_1_212' title='bbox 1324 3336 1406 3390; x_wconf 91' lang='lat' dir='ltr'>cum</span> <span class='ocrx_word' id='word_1_213' title='bbox 1424 3310 1631 3393; x_wconf 87' lang='lat' dir='ltr'>necessitas</span> <span class='ocrx_word' id='word_1_214' title='bbox 1646 3309 1754 3391; x_wconf 88' lang='lat' dir='ltr'>luerit</span> <span class='ocrx_word' id='word_1_215' title='bbox 1770 3305 1974 3393; x_wconf 76' lang='lat' dir='ltr'>defendere</span> 
     </span>
     <span class='ocr_line' id='line_1_23' title="bbox 340 3421 1972 3538; baseline 0.001 -33"><span class='ocrx_word' id='word_1_216' title='bbox 340 3432 478 3505; x_wconf 89' lang='lat' dir='ltr'>terram</span> <span class='ocrx_word' id='word_1_217' title='bbox 499 3434 687 3523; x_wconf 85' lang='lat' dir='ltr'>nostram,</span> <span class='ocrx_word' id='word_1_218' title='bbox 719 3451 790 3507; x_wconf 89' lang='lat' dir='ltr'>neo</span> <span class='ocrx_word' id='word_1_219' title='bbox 812 3421 984 3536; x_wconf 90' lang='lat' dir='ltr'>cuiquam</span> <span class='ocrx_word' id='word_1_220' title='bbox 1006 3421 1189 3508; x_wconf 84' lang='lat' dir='ltr'>solucioni</span> <span class='ocrx_word' id='word_1_221' title='bbox 1209 3421 1268 3508; x_wconf 87' lang='lat' dir='ltr'>vel</span> <span class='ocrx_word' id='word_1_222' title='bbox 1290 3423 1437 3526; x_wconf 87' lang='lat' dir='ltr'>comuni</span> <span class='ocrx_word' id='word_1_223' title='bbox 1459 3423 1649 3538; x_wconf 87' lang='lat' dir='ltr'>peticioni,</span> <span class='ocrx_word' id='word_1_224' title='bbox 1683 3452 1756 3538; x_wconf 91' lang='lat' dir='ltr'>que</span> <span class='ocrx_word' id='word_1_225' title='bbox 1786 3423 1972 3510; x_wconf 86' lang='lat' dir='ltr'>emensis</span> 
     </span>
     <span class='ocr_line' id='line_1_24' title="bbox 338 3533 1986 3653; baseline 0.002 -34"><span class='ocrx_word' id='word_1_226' title='bbox 338 3533 464 3622; x_wconf 88' lang='lat' dir='ltr'>liberis</span> <span class='ocrx_word' id='word_1_227' title='bbox 479 3536 689 3652; x_wconf 78' lang='lat' dir='ltr'>exiguntur,</span> <span class='ocrx_word' id='word_1_228' title='bbox 705 3537 905 3652; x_wconf 89' lang='lat' dir='ltr'>subjacere</span> <span class='ocrx_word' id='word_1_229' title='bbox 922 3538 957 3622; x_wconf 92' lang='lat' dir='ltr'>in</span> <span class='ocrx_word' id='word_1_230' title='bbox 1001 3550 1192 3653; x_wconf 89' lang='lat' dir='ltr'>erpetuum</span> <span class='ocrx_word' id='word_1_231' title='bbox 1209 3535 1400 3624; x_wconf 74' lang='lat' dir='ltr'>ullomodo</span> <span class='ocrx_word' id='word_1_232' title='bbox 1416 3551 1621 3624; x_wconf 87' lang='lat' dir='ltr'>teneantur.</span> <span class='ocrx_word' id='word_1_233' title='bbox 1648 3535 1819 3624; x_wconf 89' lang='lat' dir='ltr'>Polonus</span> <span class='ocrx_word' id='word_1_234' title='bbox 1835 3536 1986 3624; x_wconf 90' lang='lat' dir='ltr'>ibidem·</span> 
     </span>
     <span class='ocr_line' id='line_1_25' title="bbox 338 3568 1972 3770; baseline 0.002 -34"><span class='ocrx_word' id='word_1_235' title='bbox 338 3651 505 3739; x_wconf 75' lang='lat' dir='ltr'>existens</span> <span class='ocrx_word' id='word_1_236' title='bbox 524 3651 669 3755; x_wconf 89' lang='lat' dir='ltr'>incola,</span> <span class='ocrx_word' id='word_1_237' title='bbox 700 3654 796 3738; x_wconf 87' lang='lat' dir='ltr'>sicut</span> <span class='ocrx_word' id='word_1_238' title='bbox 815 3654 912 3738; x_wconf 86' lang='lat' dir='ltr'>alter</span> <span class='ocrx_word' id='word_1_239' title='bbox 942 3568 1196 3750; x_wconf 78' lang='lat' dir='ltr'>Tlieotonicus</span> <span class='ocrx_word' id='word_1_240' title='bbox 1219 3655 1419 3770; x_wconf 87' lang='lat' dir='ltr'>subjacere</span> <span class='ocrx_word' id='word_1_241' title='bbox 1443 3655 1519 3770; x_wconf 86' lang='lat' dir='ltr'>juri</span> <span class='ocrx_word' id='word_1_242' title='bbox 1551 3654 1760 3743; x_wconf 86' lang='lat' dir='ltr'>Teotorrioo</span> <span class='ocrx_word' id='word_1_243' title='bbox 1792 3668 1972 3758; x_wconf 84' lang='lat' dir='ltr'>teneatur,</span> 
     </span>
     <span class='ocr_line' id='line_1_26' title="bbox 336 3767 1969 3890; baseline 0 -34"><span class='ocrx_word' id='word_1_244' title='bbox 336 3769 399 3876; x_wconf 87' lang='lat' dir='ltr'>ita,</span> <span class='ocrx_word' id='word_1_245' title='bbox 421 3783 461 3856; x_wconf 93' lang='lat' dir='ltr'>ut</span> <span class='ocrx_word' id='word_1_246' title='bbox 481 3767 600 3856; x_wconf 91' lang='lat' dir='ltr'>nullus</span> <span class='ocrx_word' id='word_1_247' title='bbox 621 3784 836 3856; x_wconf 91' lang='lat' dir='ltr'>nostrorum</span> <span class='ocrx_word' id='word_1_248' title='bbox 860 3770 1162 3858; x_wconf 74' lang='lat' dir='ltr'>castellanorum</span> <span class='ocrx_word' id='word_1_249' title='bbox 1184 3803 1251 3860; x_wconf 88' lang='lat' dir='ltr'>seu</span> <span class='ocrx_word' id='word_1_250' title='bbox 1273 3771 1428 3857; x_wconf 89' lang='lat' dir='ltr'>aliorum</span> <span class='ocrx_word' id='word_1_251' title='bbox 1450 3771 1749 3890; x_wconf 76' lang='lat' dir='ltr'>superioruml⁴l</span> <span class='ocrx_word' id='word_1_252' title='bbox 1772 3775 1969 3890; x_wconf 87' lang='lat' dir='ltr'>cujuscun-</span> 
     </span>
     <span class='ocr_line' id='line_1_27' title="bbox 338 3886 1969 4008; baseline 0.004 -37"><span class='ocrx_word' id='word_1_253' title='bbox 338 3917 412 4006; x_wconf 91' lang='lat' dir='ltr'>que</span> <span class='ocrx_word' id='word_1_254' title='bbox 433 3886 665 3974; x_wconf 89' lang='lat' dir='ltr'>condicionis</span> <span class='ocrx_word' id='word_1_255' title='bbox 681 3888 825 3992; x_wconf 87' lang='lat' dir='ltr'>luerint,</span> <span class='ocrx_word' id='word_1_256' title='bbox 849 3887 1009 4008; x_wconf 87' lang='lat' dir='ltr'>aliquem</span> <span class='ocrx_word' id='word_1_257' title='bbox 1026 3905 1241 4008; x_wconf 88' lang='lat' dir='ltr'>respectum</span> <span class='ocrx_word' id='word_1_258' title='bbox 1255 3889 1418 3981; x_wconf 88' lang='lat' dir='ltr'>babeant</span> <span class='ocrx_word' id='word_1_259' title='bbox 1434 3889 1483 3978; x_wconf 90' lang='lat' dir='ltr'>ad</span> <span class='ocrx_word' id='word_1_260' title='bbox 1502 3891 1671 3979; x_wconf 87' lang='lat' dir='ltr'>eandem.</span> <span class='ocrx_word' id='word_1_261' title='bbox 1701 3891 1829 3979; x_wconf 87' lang='lat' dir='ltr'>lncole</span> <span class='ocrx_word' id='word_1_262' title='bbox 1844 3901 1969 3981; x_wconf 85' lang='lat' dir='ltr'>autern</span> 
     </span>
     <span class='ocr_line' id='line_1_28' title="bbox 338 4003 1969 4128; baseline 0 -36"><span class='ocrx_word' id='word_1_263' title='bbox 338 4003 507 4122; x_wconf 87' lang='lat' dir='ltr'>ejusdem</span> <span class='ocrx_word' id='word_1_264' title='bbox 537 4004 774 4111; x_wconf 83' lang='lat' dir='ltr'>hereditatis,</span> <span class='ocrx_word' id='word_1_265' title='bbox 811 4015 928 4124; x_wconf 83' lang='lat' dir='ltr'>super</span> <span class='ocrx_word' id='word_1_266' title='bbox 958 4007 1065 4094; x_wconf 89' lang='lat' dir='ltr'>cultis</span> <span class='ocrx_word' id='word_1_267' title='bbox 1097 4021 1135 4093; x_wconf 88' lang='lat' dir='ltr'>et</span> <span class='ocrx_word' id='word_1_268' title='bbox 1159 4009 1303 4098; x_wconf 89' lang='lat' dir='ltr'>incultis</span> <span class='ocrx_word' id='word_1_269' title='bbox 1334 4010 1440 4128; x_wconf 82' lang='lat' dir='ltr'>agris</span> <span class='ocrx_word' id='word_1_270' title='bbox 1473 4024 1560 4094; x_wconf 86' lang='lat' dir='ltr'>octo</span> <span class='ocrx_word' id='word_1_271' title='bbox 1590 4007 1969 4094; x_wconf 87' lang='lat' dir='ltr'>annorum-habeant</span> 
     </span>
     <span class='ocr_line' id='line_1_29' title="bbox 339 4119 1972 4246; baseline 0.004 -39"><span class='ocrx_word' id='word_1_272' title='bbox 339 4119 563 4230; x_wconf 85' lang='lat' dir='ltr'>libertatam3</span> <span class='ocrx_word' id='word_1_273' title='bbox 595 4137 771 4222; x_wconf 81' lang='lat' dir='ltr'>cessante</span> <span class='ocrx_word' id='word_1_274' title='bbox 791 4142 915 4212; x_wconf 89' lang='lat' dir='ltr'>autem</span> <span class='ocrx_word' id='word_1_275' title='bbox 937 4123 1128 4233; x_wconf 89' lang='lat' dir='ltr'>libertate,</span> <span class='ocrx_word' id='word_1_276' title='bbox 1158 4125 1207 4216; x_wconf 91' lang='lat' dir='ltr'>de</span> <span class='ocrx_word' id='word_1_277' title='bbox 1228 4125 1391 4246; x_wconf 89' lang='lat' dir='ltr'>quolibet</span> <span class='ocrx_word' id='word_1_278' title='bbox 1412 4153 1543 4234; x_wconf 90' lang='lat' dir='ltr'>manso</span> <span class='ocrx_word' id='word_1_279' title='bbox 1564 4155 1689 4240; x_wconf 19' lang='lat' dir='ltr'>parvo,</span> <span class='ocrx_word' id='word_1_280' title='bbox 1705 4153 1772 4242; x_wconf 95' lang='lat' dir='ltr'>pro</span> <span class='ocrx_word' id='word_1_281' title='bbox 1794 4155 1912 4212; x_wconf 88' lang='lat' dir='ltr'>censu</span> <span class='ocrx_word' id='word_1_282' title='bbox 1933 4137 1972 4216; x_wconf 88' lang='lat' dir='ltr'>et</span> 
     </span>
     <span class='ocr_line' id='line_1_30' title="bbox 196 4237 2138 4360; baseline 0.002 -34"><span class='ocrx_word' id='word_1_283' title='bbox 196 4269 202 4280; x_wconf 83' lang='lat'>·</span> <span class='ocrx_word' id='word_1_284' title='bbox 312 4237 486 4326; x_wconf 71' lang='lat' dir='ltr'>decima</span> <span class='ocrx_word' id='word_1_285' title='bbox 505 4241 686 4328; x_wconf 74' lang='lat' dir='ltr'>lenonem</span> <span class='ocrx_word' id='word_1_286' title='bbox 708 4245 856 4358; x_wconf 78' lang='lat' dir='ltr'>argenti</span> <span class='ocrx_word' id='word_1_287' title='bbox 877 4244 1041 4348; x_wconf 86' lang='lat' dir='ltr'>usualis,</span> <span class='ocrx_word' id='word_1_288' title='bbox 1074 4260 1110 4330; x_wconf 90' lang='lat' dir='ltr'>et</span> <span class='ocrx_word' id='word_1_289' title='bbox 1130 4243 1503 4360; x_wconf 80' lang='lat' dir='ltr'>mensuras‘siliginis</span> <span class='ocrx_word' id='word_1_290' title='bbox 1524 4273 1604 4348; x_wconf 84' lang='lat' dir='ltr'>sex,</span> <span class='ocrx_word' id='word_1_291' title='bbox 1630 4272 1773 4359; x_wconf 83' lang='lat' dir='ltr'>sexque</span> <span class='ocrx_word' id='word_1_292' title='bbox 1793 4269 1913 4330; x_wconf 83' lang='lat' dir='ltr'>avene</span> <span class='ocrx_word' id='word_1_293' title='bbox 1932 4243 1968 4329; x_wconf 93' lang='lat' dir='ltr'>in</span> <span class='ocrx_word' id='word_1_294' title='bbox 2031 4261 2069 4290; x_wconf 62' lang='lat' dir='ltr'><em>s</em></span> <span class='ocrx_word' id='word_1_295' title='bbox 2134 4343 2138 4354; x_wconf 32' lang='grc' dir='ltr'>Ι</span> 
     </span>
     <span class='ocr_line' id='line_1_31' title="bbox 267 4355 1969 4481; baseline 0.001 -37"><span class='ocrx_word' id='word_1_296' title='bbox 267 4355 270 4360; x_wconf 69' lang='grc'><strong>’</strong></span> <span class='ocrx_word' id='word_1_297' title='bbox 338 4387 552 4446; x_wconf 88' lang='lat' dir='ltr'>mensuram</span> <span class='ocrx_word' id='word_1_298' title='bbox 588 4358 892 4447; x_wconf 86' lang='lat' dir='ltr'>Poznaniensem</span> <span class='ocrx_word' id='word_1_299' title='bbox 923 4360 1073 4451; x_wconf 88' lang='lat' dir='ltr'>solvere</span> <span class='ocrx_word' id='word_1_300' title='bbox 1103 4374 1318 4467; x_wconf 86' lang='lat' dir='ltr'>teneantur,</span> <span class='ocrx_word' id='word_1_301' title='bbox 1358 4359 1408 4444; x_wconf 91' lang='lat' dir='ltr'>de</span> <span class='ocrx_word' id='word_1_302' title='bbox 1439 4359 1609 4458; x_wconf 84' lang='lat' dir='ltr'>omnibus</span> <span class='ocrx_word' id='word_1_303' title='bbox 1640 4361 1745 4481; x_wconf 86' lang='lat' dir='ltr'>agris</span> <span class='ocrx_word' id='word_1_304' title='bbox 1778 4363 1840 4479; x_wconf 88' lang='lat' dir='ltr'>qni</span> <span class='ocrx_word' id='word_1_305' title='bbox 1870 4361 1969 4447; x_wconf 85' lang='lat' dir='ltr'>erari</span> 
     </span>
    </p>
   </div>
   <div class='ocr_carea' id='block_1_3' title="bbox 337 4619 2065 4964">
    <p class='ocr_par' dir='ltr' id='par_1_3' title="bbox 337 4619 2065 4798">
     <span class='ocr_line' id='line_1_32' title="bbox 438 4619 2065 4712; baseline 0.002 -25"><span class='ocrx_word' id='word_1_306' title='bbox 438 4619 479 4707; x_wconf 79' lang='lat'>(²)</span> <span class='ocrx_word' id='word_1_307' title='bbox 507 4620 570 4702; x_wconf 85' lang='lat' dir='ltr'>Qui</span> <span class='ocrx_word' id='word_1_308' title='bbox 586 4631 619 4689; x_wconf 86' lang='lat' dir='ltr'>at</span> <span class='ocrx_word' id='word_1_309' title='bbox 631 4624 684 4689; x_wconf 91' lang='lat' dir='ltr'>ubi</span> <span class='ocrx_word' id='word_1_310' title='bbox 699 4624 738 4690; x_wconf 84' lang='lat' dir='ltr'>sit</span> <span class='ocrx_word' id='word_1_311' title='bbox 751 4625 836 4691; x_wconf 87' lang='lat' dir='ltr'>locus</span> <span class='ocrx_word' id='word_1_312' title='bbox 849 4625 951 4690; x_wconf 79' lang='lat' dir='ltr'>Tonel</span> <span class='ocrx_word' id='word_1_313' title='bbox 966 4621 1081 4703; x_wconf 87' lang='lat' dir='ltr'>dictus,</span> <span class='ocrx_word' id='word_1_314' title='bbox 1095 4646 1113 4691; x_wconf 86' lang='lat' dir='ltr'>o</span> <span class='ocrx_word' id='word_1_315' title='bbox 1125 4644 1187 4712; x_wconf 90' lang='lat' dir='ltr'>quo</span> <span class='ocrx_word' id='word_1_316' title='bbox 1199 4644 1369 4709; x_wconf 77' lang='lat' dir='ltr'>cognomen</span> <span class='ocrx_word' id='word_1_317' title='bbox 1381 4645 1476 4695; x_wconf 79' lang='lat' dir='ltr'>suum</span> <span class='ocrx_word' id='word_1_318' title='bbox 1490 4626 1641 4692; x_wconf 87' lang='lat' dir='ltr'>llonrious</span> <span class='ocrx_word' id='word_1_319' title='bbox 1655 4626 1705 4691; x_wconf 86' lang='lat' dir='ltr'>illo</span> <span class='ocrx_word' id='word_1_320' title='bbox 1720 4624 1837 4700; x_wconf 89' lang='lat' dir='ltr'>sumsit,</span> <span class='ocrx_word' id='word_1_321' title='bbox 1852 4623 1967 4692; x_wconf 87' lang='lat' dir='ltr'>nescio.</span> <span class='ocrx_word' id='word_1_322' title='bbox 2061 4701 2065 4708; x_wconf 29' lang='lat'><strong>¹</strong></span> 
     </span>
     <span class='ocr_line' id='line_1_33' title="bbox 337 4704 1939 4798; baseline 0.001 -26"><span class='ocrx_word' id='word_1_323' title='bbox 337 4704 484 4790; x_wconf 83' lang='lat' dir='ltr'>Suspecta</span> <span class='ocrx_word' id='word_1_324' title='bbox 500 4717 604 4772; x_wconf 86' lang='lat' dir='ltr'>autem</span> <span class='ocrx_word' id='word_1_325' title='bbox 621 4709 693 4773; x_wconf 90' lang='lat' dir='ltr'>mibi</span> <span class='ocrx_word' id='word_1_326' title='bbox 710 4719 757 4774; x_wconf 87' lang='lat' dir='ltr'>ast</span> <span class='ocrx_word' id='word_1_327' title='bbox 771 4731 827 4775; x_wconf 83' lang='lat' dir='ltr'>vox</span> <span class='ocrx_word' id='word_1_328' title='bbox 844 4709 960 4774; x_wconf 81' lang='lat' dir='ltr'>donn&#39;m‘</span> <span class='ocrx_word' id='word_1_329' title='bbox 971 4709 1090 4794; x_wconf 80' lang='lat' dir='ltr'>ptebojo</span> <span class='ocrx_word' id='word_1_330' title='bbox 1106 4717 1212 4774; x_wconf 80' lang='lat' dir='ltr'>oontm</span> <span class='ocrx_word' id='word_1_331' title='bbox 1228 4729 1317 4775; x_wconf 91' lang='lat' dir='ltr'>usum</span> <span class='ocrx_word' id='word_1_332' title='bbox 1333 4718 1364 4777; x_wconf 87' lang='lat' dir='ltr'>et</span> <span class='ocrx_word' id='word_1_333' title='bbox 1378 4712 1630 4798; x_wconf 84' lang='lat' dir='ltr'>consuetudinem</span> <span class='ocrx_word' id='word_1_334' title='bbox 1645 4709 1709 4774; x_wconf 84' lang='lat' dir='ltr'>nari</span> <span class='ocrx_word' id='word_1_335' title='bbox 1725 4710 1802 4774; x_wconf 85' lang='lat' dir='ltr'>illius</span> <span class='ocrx_word' id='word_1_336' title='bbox 1816 4709 1939 4778; x_wconf 84' lang='lat' dir='ltr'>tributa.</span> 
     </span>
    </p>

    <p class='ocr_par' dir='ltr' id='par_1_4' title="bbox 438 4789 1891 4878">
     <span class='ocr_line' id='line_1_34' title="bbox 438 4789 1891 4878; baseline 0.001 -22"><span class='ocrx_word' id='word_1_337' title='bbox 438 4791 479 4874; x_wconf 79' lang='lat'>(³)</span> <span class='ocrx_word' id='word_1_338' title='bbox 509 4789 651 4878; x_wconf 79' lang='lat' dir='ltr'>Grlreayn</span> <span class='ocrx_word' id='word_1_339' title='bbox 666 4793 731 4858; x_wconf 82' lang='lat' dir='ltr'>villo</span> <span class='ocrx_word' id='word_1_340' title='bbox 748 4793 908 4876; x_wconf 82' lang='lat' dir='ltr'>parochiae</span> <span class='ocrx_word' id='word_1_341' title='bbox 922 4793 1147 4872; x_wconf 84' lang='lat' dir='ltr'>Posnaniansis,</span> <span class='ocrx_word' id='word_1_342' title='bbox 1162 4793 1211 4859; x_wconf 84' lang='lat' dir='ltr'>rix</span> <span class='ocrx_word' id='word_1_343' title='bbox 1226 4794 1352 4860; x_wconf 88' lang='lat' dir='ltr'>dimidio</span> <span class='ocrx_word' id='word_1_344' title='bbox 1368 4794 1506 4861; x_wconf 88' lang='lat' dir='ltr'>milliario</span> <span class='ocrx_word' id='word_1_345' title='bbox 1522 4793 1559 4858; x_wconf 89' lang='lat' dir='ltr'>ab</span> <span class='ocrx_word' id='word_1_346' title='bbox 1576 4795 1653 4859; x_wconf 89' lang='lat' dir='ltr'>urba</span> <span class='ocrx_word' id='word_1_347' title='bbox 1667 4793 1724 4859; x_wconf 84' lang='lat' dir='ltr'>boo</span> <span class='ocrx_word' id='word_1_348' title='bbox 1739 4793 1838 4860; x_wconf 83' lang='lat' dir='ltr'>distat.</span> <span class='ocrx_word' id='word_1_349' title='bbox 1886 4869 1891 4875; x_wconf 30' lang='lat'>¹</span> 
     </span>
    </p>

    <p class='ocr_par' dir='ltr' id='par_1_5' title="bbox 438 4874 1354 4964">
     <span class='ocr_line' id='line_1_35' title="bbox 438 4874 1354 4964; baseline 0.007 -24"><span class='ocrx_word' id='word_1_350' title='bbox 438 4875 480 4960; x_wconf 78' lang='lat'>(⁴)</span> <span class='ocrx_word' id='word_1_351' title='bbox 509 4874 751 4963; x_wconf 70' lang='lat' dir='ltr'>„Superiorem”</span> <span class='ocrx_word' id='word_1_352' title='bbox 765 4878 869 4944; x_wconf 83' lang='lat' dir='ltr'>lorssn</span> <span class='ocrx_word' id='word_1_353' title='bbox 884 4879 915 4944; x_wconf 90' lang='lat' dir='ltr'>in</span> <span class='ocrx_word' id='word_1_354' title='bbox 930 4877 1095 4964; x_wconf 75' lang='lat' dir='ltr'>archetypo</span> <span class='ocrx_word' id='word_1_355' title='bbox 1110 4879 1277 4964; x_wconf 76' lang='lat' dir='ltr'>legabatur.</span> <span class='ocrx_word' id='word_1_356' title='bbox 1352 4943 1354 4946; x_wconf 83' lang='lat'>.</span> 
     </span>
    </p>
   </div>
   <div class='ocr_carea' id='block_1_4' title="bbox 0 0 2398 5926">
    <p class='ocr_par' dir='ltr' id='par_1_6' title="bbox 0 0 2398 5926">
     <span class='ocr_line' id='line_1_36' title="bbox 0 0 2398 5926; baseline 0 3"><span class='ocrx_word' id='word_1_357' title='bbox 0 0 2398 5926; x_wconf 95' lang='lat' dir='ltr'> </span> 
     </span>
    </p>
   </div>
  </div>
 </body>
</html>
