4778 5952
1136 735 1398 810 -240-

301 931 306 940 ’
440 939 492 1030 ad
510 942 645 1030 festum
667 938 797 1025 Sancti
815 935 968 1023 Martini
989 937 1239 1040 contessoris,
1269 935 1367 1026 duos
1388 963 1553 1056 grossos
1574 935 1674 1024 taus
1693 937 1846 1026 soluere
1865 969 1937 1058 pro
1958 969 2077 1030 censu
2111 1012 2120 1022 ,

440 1071 594 1146 nostrae
623 1085 798 1144 camerae
829 1057 903 1142 sint
921 1056 1085 1162 astrioti;
1116 1067 1153 1141 et
1173 1054 1276 1171 quod
1296 1055 1602 1173 praenominatus
1633 1048 1795 1145 Chodiro
1825 1071 1891 1143 aut
1910 1059 1967 1144 sui
1988 1087 2077 1148 suo·

440 1206 629 1280 cessores,
642 1165 698 1259 vde
719 1174 953 1292 praescripta
973 1173 1069 1276 vitta,
1090 1173 1200 1260 nobis
1215 1188 1280 1260 aut
1295 1174 1435 1264 uostris
1454 1171 1693 1280 haeredibus,
1715 1174 2009 1294 quotiescunque
2024 1175 2077 1266 ad
2146 1185 2151 1190 ’

428 1291 714 1410 1θιψι),άὶῑίοιιθιιι
734 1290 951 1410 generalem
974 1292 1010 1378 in
1031 1291 1151 1378 Terra
1170 1289 1339 1380 Russiae
1369 1307 1527 1380 vocatus
1546 1291 1673 1398 fuerit,
1707 1321 1792 1382 cum
1807 1323 1888 1382 uua
1909 1293 2017 1382 hasta
2038 1307 2077 1383 et

439 1439 514 1497 uuo
545 1409 729 1530 sagitario
760 1439 845 1496 oum
876 1411 991 1497 armis
1022 1408 1120 1496 bene
1150 1409 1405 1527 praeparatis,
1438 1411 1475 1496 iu
1495 1409 1603 1526 equis
1629 1409 1860 1516 ualentibus,
1891 1409 2076 1501 tenebitur

440 1526 646 1618 deseruire.
692 1528 947 1615 promittimus
978 1528 1133 1644 iusuper
1161 1526 1445 1643 praenominato
1480 1525 1681 1616 Chodkoui
1701 1557 1748 1614 ac
1769 1529 1850 1617 suis
1868 1557 2074 1620 successu·

438 1646 553 1752 ribus,
586 1643 688 1766 quod
710 1647 743 1734 si
763 1661 899 1764 captus
917 1645 976 1732 'uel
999 1644 1097 1762 capti
1117 1645 1261 1750 fuerint,
1285 1643 1356 1734 sub
1377 1658 1509 1734 nostro
1529 1643 1724 1734 Baiurario
1745 1647 1828 1759 (sic)
1849 1647 1886 1733 iu
1904 1649 2075 1747 exercitu
2124 1695 2130 1704 «

306 1773 313 1786 “
438 1779 583 1870 nostro,
604 1795 672 1852 seu
693 1763 817 1880 aliqua
838 1762 976 1854 damna
996 1763 1034 1850 in
1055 1763 1161 1897 equis
1180 1764 1386 1850 intersectis
1404 1765 1644 1883 perceperint
1663 1764 1712 1851 ab
1732 1762 1901 1852 hostibus
1921 1767 2073 1870 nostris,

439 1887 450 1974 i
478 1913 561 1984 stum
595 1879 654 1970 ve]
684 1882 791 2000 ipsos
822 1880 871 1969 ab
891 1880 1104 1999 hujusmodi
1124 1882 1359 1999 captivitate,
1390 1883 1486 1969 scitu
1513 1897 1638 1970 wmeu
1665 1881 1870 2000 proborum
1895 1883 2073 1991 virorum,

440 1913 586 2089 ‹Xamuis
617 2000 774 2119 singulis
804 2000 1000 2106 restitutis,
1031 1998 1202 2086 liberare.
1252 1999 1294 2087 lu
1325 1998 1433 2115 cujus
1464 2001 1519 2087 rei
1549 2000 1822 2106 testimonium·
1852 2007 2075 2119 praesentes

439 2120 554 2208 scribi
583 2119 741 2205 iacimus
770 2132 808 2205 et
833 2117 951 2206 nostri
972 2116 1083 2237 sigilii
1103 2119 1256 2235 majoris
1276 2118 1478 2206 munitione
1497 2117 1682 2208 roborari.
1731 2117 1868 2209 Actum
1889 2135 1928 2208 et
1946 2117 2072 2207 datum

441 2244 645 2334 Jorcrtow,
676 2236 769 2322 feria
795 2235 922 2354 quinta
949 2249 1038 2353 post
1064 2234 1161 2323 diem
1183 2251 1347 2325 sauctae
1376 2233 1518 2324 Luciae
1544 2237 1701 2358 virginis
1754 2236 1941 2344 iocosae,
1969 2265 2072 2326 euuo

439 2353 578 2442 domini
598 2352 793 2442 millesimo
814 2355 1079 2444 trecentesimo
1099 2355 1385 2475 septuagesimo
1404 2355 1526 2444 tertio.
1561 2355 1734 2443 Preseu‘
1828 2355 1886 2445 his
1901 2355 2071 2445 strenuis

439 2469 681 2588 Bchyncono
702 2471 770 2558 Ma
801 2473 892 2559 istro
914 2485 1069 2560 nostrae
1089 2475 1237 2578 curiae,
1267 2473 1467 2563 Merbathc
1488 2471 1538 2562 da
1560 2477 1789 2576 Odiowr'oze,
1820 2473 2003 2564 Fcnkone
2023 2472 2072 2561 de

369 2681 372 2688 ,
439 2595 720 2690 Kunczcrcicze,
743 2501 954 2676 (Xodkone
975 2589 1024 2675 de
1045 2597 1198 2688 Brittios,
1219 2590 1349 2679 Leone
1364 2591 1413 2680 de
1429 2597 1698 2692 Ducrkotciez,
1719 2591 1911 2681 Sienkoue
1927 2591 2071 2683 Castel-

312 2799 329 2834 ἃ
439 2707 529 2794 lano
549 2703 828 2824 Leniburgensi
847 2719 886 2794 et
904 2705 1079 2796 iohanne
1099 2705 1149 2794 do
1164 2713 1359 2824 Gthccic
1378 2721 1510 2800 nostro
1529 2707 1833 2800 Prothonotario.

1141 3075 1375 3196 CXXXIV.

589 3347 872 3448 Leonem,
899 3341 1055 3435 ammo
1079 3345 1220 3434 1³25
1247 3351 1301 3433 d.
1329 3347 1368 3432 9
1394 3367 1561 3434 meror.
1589 3349 1924 3436 Decetiam.

463 3545 749 3634 meran.
768 3549 840 3622 liu
853 3549 1029 3642 teutonus
1043 3553 1168 3626 ouittm
1181 3480 1590 3627 sternumentum
1604 3540 2046 3642 commonacum

467 3648 789 3728 sternumenta
803 3651 914 3744 comt,
928 3671 999 3730 ctu
1013 3653 1409 3843 dmflthanXtXffi
1419 3653 1717 3747 metentium
1731 3653 1909 3743 mmet.
1923 3651 2040 3731 Mitt
2126 3707 2168 3752 -,

1097 3775 1179 3832 noun
1385 3763 1418 3828 ¹·
1737 3777 1739 3786 '

539 3981 636 4064 1416.
678 3976 720 4064 ln
741 3979 889 4066 nomine
910 3976 1070 4084 domini,
1100 4008 1221 4067 amen.
1270 3978 1334 4067 Ad
1361 3992 1582 4098 perpetuam
1611 3981 1666 4066 rei
1692 3981 1922 4068 memoriam.
1973 3963 2067 4066 Cum

438 4091 531 4180 inter
558 4092 743 4184 humanae
769 4096 867 4184 vitae
889 4094 1109 4202 commoda,
1139 4095 1188 4183 nil
1209 4095 1360 4217 dignius
1382 4098 1562 4186 memoria
1582 4097 1783 4206 habeatur,
1815 4111 2068 4215 opportunum
2223 4143 2227 4148 ·
2315 4187 2318 4196 ,
2370 4155 2371 4224 3

438 4210 579 4314 existit,
614 4228 654 4298 ut
683 4227 791 4302 uetus
821 4214 951 4304 harum
981 4215 1171 4303 literarum
1201 4215 1399 4334 appieibus
1429 4215 1545 4329 (sio),
1570 4230 1620 4322 tet
1649 4217 1793 4306 testium
1824 4215 2067 4304 annotatione

435 4327 736 4537 Berhenuantur,
774 4364 825 4438 ne
861 4334 969 4470 lapsu
1004 4335 1185 4452 temporis
1220 4348 1462 4426 euanescaut
1512 4333 1687 4470 Proinde·
1717 4331 1802 4424 Nos
1836 4331 2066 4466 Vindislaus,

475 4478 509 4538 er
537 4462 661 4566 gratia
694 4447 783 4540 Rex
817 4451 1022 4560 Potamos,
1063 4481 1247 4543 necnon
1282 4452 1485 4542 Terrarum
1523 4451 1757 4560 Graccurae,
1793 4447 2067 4556 Saudommae,

538 4699 579 4784 (¹)
607 4701 655 4766 Ex
666 4701 842 4800 apographo
853 4700 996 4768 librorum
1007 4704 1293 4791 manuscriptorum
1308 4703 1436 4789 „Zepisy
1451 4701 1628 4787 Tribunatu
1638 4701 1857 4788 Lubetstiogo”
1872 4700 1962 4787 uulgo
1973 4699 2067 4767 dioto·

439 4797 524 4857 rum,
545 4782 577 4847 in
591 4784 783 4852 Vomanansr
804 4784 955 4852 tabulario
978 4787 1097 4871 publico
1118 4788 1216 4874 Regni
1238 4788 1383 4856 Polouiao
1396 4793 1635 4866 ossematorom,
1656 4786 1823 4872 etquidem
1839 4807 1877 4852 ex
1892 4781 2067 4872 apographo

440 4862 508 4930 tibri
521 4863 620 4934 XXX.
636 4869 743 4955 nata
759 4869 981 4959 depromptum.
2034 4865 2052 4898 '
