4800 5942
1028 711 1303 784 -oou—

117 947 125 956 ·
252 1013 255 1018 ,
287 901 291 910 ¹
344 911 576 1010 iustumest,
589 903 753 995 reddere
773 911 1275 1028 cercioremzpromitlimus
1296 909 1429 1014 eidem,
1444 910 1668 1028 pollicemur
1686 929 1723 1001 et
1743 915 1976 1032 spondemus

312 1105 318 1114 .
345 1028 416 1116 sub
435 1025 511 1114 lide
533 1026 755 1131 ethonore,
780 1028 933 1139 ubsque
952 1027 1044 1115 dolo
1065 1044 1102 1114 et
1122 1019 1275 1134 fraude,
1307 1061 1354 1116 ec
1378 1031 1455 1117 sub.
1471 1059 1588 1115 onere
1609 1033 1755 1145 prestiti
1770 1036 1975 1143 iuramenti,

345 1144 515 1232 stabilem
531 1145 801 1248 assistendum,
823 1177 870 1233 eu
885 1176 986 1246 nunc
1002 1163 1115 1262 prout
1126 1176 1175 1232 ex
1191 1163 1290 1252 tnnc,
1311 1160 1349 1233 et
1364 1179 1411 1234 ex
1427 1151 1521 1234 tune'
1532 1160 1831 1262 proutexnunc,
1847 1165 1977 1242 tenere

343 1261 449 1348 firme
466 1259 542 1346 fide
557 1263 619 1365 ite,
641 1262 744 1372 quod
763 1278 848 1378 post
870 1263 1217 1379 decessumpreleti
1234 1265 1357 1352 fratris
1372 1267 1491 1351 nostri
1512 1263 1743 1382 Sigismundi
1759 1267 1876 1354 Ducis
1890 1269 1975 1358 Me·

343 1380 422 1497 gni,
440 1379 613 1466 Ducetus
631 1378 801 1499 lllegnus
820 1379 1029 1468 lithwenie
1051 1411 1134 1468 oum
1158 1383 1267 1469 terris
1288 1395 1326 1468 et
1341 1381 1513 1498 dominijs
1535 1382 1717 1488 omnibns,
1740 1385 1857 1471 eciem
1875 1386 1975 1474 Rus-

212 1514 214 1520 '
344 1498 409 1597 sie,
432 1496 729 1614 quibuscumque
749 1529 849 1586 nunc
864 1498 1052 1605 subiectis,
1074 1515 1111 1586 et
1125 1501 1260 1586 virtute
1271 1529 1347 1588 sue
1363 1500 1600 1605 subiciendis,
1611 1499 1670 1588 ¹'ud
1689 1531 1760 1588 nos
1776 1517 1812 1588 et
1828 1503 1976 1592 inclitos

344 1629 455 1701 notos
475 1629 648 1720 nostros,
678 1614 825 1702 seilicet
857 1616 1107 1704 Wlodisloum
1129 1631 1167 1703 et
1187 1617 1439 1724 llazimirum,
1470 1647 1517 1704 ec
1538 1631 1692 1724 nostros
1713 1639 1973 1724 successores,

343 1733 384 1817 el
399 1730 450 1817 ed
471 1731 663 1820 ‘Coronam
684 1733 1131 1851 eve-:RegnumPoloniQ
1154 1734 1293 1822 debent
1311 1765 1405 1821 veru
1425 1735 1708 1823 etherediturie
1729 1737 1975 1826 successione

341 1847 502 1937 devolvi:
522 1851 839 1964 quemadmodum
855 1853 1067 1967 petentibus
1084 1853 1269 1969 prioribus
1286 1852 1425 1958 litteris,
1446 1851 1611 1970 desuper
1627 1853 1818 1957 conlectio,
1840 1869 1899 1940 est
1913 1855 1975 1942 lir-

342 1980 492 2071 metum,
509 1995 664 2082 quorum
681 1981 849 2056 tenorem
867 1971 927 2055 hic
944 1970 1085 2056 hebere
1100 1969 1271 2056 volumus
1284 2001 1355 2088 pro
1369 1971 1621 2082 insertislsic).
1647 1969 1826 2086 Exceptis
1839 1965 1975 2087 prelati

308 2081 465 2186 ¹‚iretris
485 2087 615 2190 nostri,
637 2087 755 2174 Ducis
776 2086 907 2204 Magni
929 2085 1161 2205 Sigismundi
1182 2087 1291 2174 bonis
1310 2087 1495 2203 paternis,
1517 2087 1707 2175 videlicet:
1741 2096 1877 2202 Trolcp,
1903 2119 1976 2178 nee
2080 2187 2091 2200 ,

341 2231 417 2288 non
439 2202 668 2308 civitatibus,
690 2205 846 2306 cestris,
869 2203 1116 2307 districtibus,
1138 2204 1280 2321 opidiS,
1302 2204 1407 2309 villis,
1429 2207 1543 2320 curijs
1565 2218 1603 2289 et
1622 2203 1704 2321 olijs
1718 2206 1844 2310 bonis,
1864 2197 1977 2324 plene

295 2421 298 2428 ‚
342 2332 379 2403 ot
410 2320 628 2437 exintegro,
664 2323 700 2408 in
731 2322 904 2408 omnibus
940 2323 1018 2406 suis
1049 2323 1220 2408 limitibus
1256 2321 1306 2408 ed
1337 2321 1545 2437 predictum
1577 2352 1684 2408 suurn
1701 2318 1977 2438 ,patrimonium

342 2437 620 2551 spectantibus3
657 2469 730 2555 que
760 2454 848 2554 post
878 2469 986 2525 suum
1018 2437 1219 2526 decessum
1251 2437 1300 2524 ed
1331 2439 1443 2525 filium
1475 2468 1583 2524 suum
1613 2438 1797 2526 lllustrem
1829 2438 1976 2528 Ducem

341 2553 589 2660 litlicbeelem,
620 2586 689 2642 seu
710 2557 768 2642 ed.
782 2557 878 2642 ulios
898 2555 996 2642 filins
1017 2555 1218 2673 legittimus
1240 2573 1278 2642 et
1296 2559 1439 2642 loturos
1462 2554 1718 2642 devolventur.
1760 2555 1819 2642 lle
1841 2558 1975 2672 quibus

341 2672 613 2758 nichilominus
629 2674 796 2787 prelatus
828 2673 916 2758 Dux
947 2671 1132 2778 llliclreel,
1164 2687 1203 2758 et
1223 2674 1281 2790 eiij
1303 2673 1365 2788 filij
1388 2672 1528 2775 futuri,
1548 2672 1678 2774 nobie,
1709 2669 1793 2788 filijs
1824 2676 1977 2778 nostris,

341 2789 649 2893 successoribus,
681 2819 728 2874 ec
748 2789 903 2876 Corone
923 2804 962 2880 et
981 2789 1124 2909 Regno
1145 2789 1326 2890 Polonie,
1347 2818 1431 2874 curn
1452 2789 1531 2874 suis
1549 2786 1814 2892 concedende,
1836 2800 1977 2906 tempo-¹

327 2906 446 2991 >ribus
462 2905 663 3021 perpetuis,
685 2921 801 3020 prout
812 2908 929 2992 ceteri
948 2905 1149 3022 Principes
1168 2902 1364 2994 Lithvenie
1386 2918 1422 2990 et
1441 2904 1595 2995 Russie:
1616 2913 1684 2990 seu
1702 2905 1797 2992 lluci
1817 2904 1975 3022 Magno,

342 3049 411 3134 per
431 3037 626 3136 utramque
647 3035 793 3134 portem
812 3051 884 3133 pro
906 3036 1075 3135 tempore
1096 3023 1275 3136 eligendo
1294 3022 1472 3137 obsequi,
1499 3021 1672 3122 obedire,
1699 3019 1920 3107 tenebuntur
1940 3038 1977 3110 et
2124 3015 2128 3030 ’

341 3138 497 3226 servire.
540 3136 652 3249 Quos
673 3138 715 3238 si,
743 3165 820 3221 non
840 3135 964 3221 habito
985 3134 1101 3251 prole,
1123 3137 1174 3220 de
1193 3138 1265 3222 be'c
1286 3138 1370 3223 luce
1391 3136 1580 3222 decedere
1602 3137 1817 3253 contigerit,
1839 3151 1997 3226 extunc*

340 3253 511 3370 predicte
532 3255 632 3340 bone
653 3253 818 3369 ipsorum
840 3265 1019 3368 paterne,
1040 3251 1090 3338 od
1113 3281 1194 3356 noe,
1215 3269 1326 3340 natos
1348 3267 1385 3338 et
1402 3259 1654 3340 successores
1674 3267 1846 3358 nostroe,
1869 3255 1975 3360 etad
2038 3297 2043 3306 ·
2141 3247 2144 3258 '

321 3459 324 3466 ,
344 3371 537 3458 Cononem
556 3370 685 3488 Regni
705 3369 865 3456 Polonie
881 3367 1138 3459 devolventur.
1178 3369 1360 3456 Preterea
1382 3369 1501 3456 Terre
1521 3368 1680 3454 Podclie
1702 3399 1787 3454 cum
1804 3372 1976 3462 omnibus

343 3489 568 3590 civitatibus,
589 3489 741 3592 cestris,
765 3485 912 3602 opidis,
934 3485 1045 3591 villis,
1067 3487 1307 3588 districtibus
1328 3486 1438 3602 plene
1460 3500 1497 3572 et
1517 3478 1724 3603 exintegro‚
1745 3488 1781 3572 in
1803 3488 1975 3576 omnibus
2022 3536 2027 3546 ·

342 3605 422 3690 suis
444 3600 635 3708 limitibus,
666 3605 764 3690 sicut
790 3605 839 3690 eb
867 3604 1019 3718 antiquo
1046 3618 1191 3718 spectet
1212 3617 1251 3688 et
1270 3604 1455 3720 pertinet,
1479 3601 1678 3720 spectabat·
1698 3618 1735 3688 et
1755 3604 1973 3718 pertinebat,

255 3752 258 3762 ¹
341 3735 518 3838 spectare
538 3719 653 3807 debet
672 3733 710 3805 et
724 3721 910 3837 pertinere
930 3719 980 3806 ad
1001 3749 1072 3806 nos
1093 3720 1327 3837 etRegnum
1349 3719 1510 3810 Polonie
1526 3734 1715 3836 perpetuo
1732 3733 1769 3805 et
1783 3721 1820 3806 in
1836 3727 1973 3828 ewum3

341 3869 465 3956 neque
486 3837 668 3954 deinceps
688 3868 755 3953 per
776 3838 958 3950 prelatum
974 3838 1124 3924 fratrem
1140 3853 1330 3943 nostrum,
1342 3835 1488 3924 Ducem
1508 3838 1575 3924 Me
1606 3868 1703 3942 num,
1724 3847 1974 3926 successores

341 3961 446 4060 subs,
466 3986 535 4072 per
554 3955 726 4042 Ducetus
746 3954 880 4074 ltlegni
900 3954 1160 4060 incolas-nos,
1180 3963 1428 4042 successores
1443 3867 1772 4072 nostrigllegnum
1794 3967 1830 4038 et
1854 3953 1973 4070 Coro·

339 4101 483 4187 nopro
503 4072 636 4160 eodem
658 4080 758 4160 terre
779 4073 997 4189 impetemur
1018 4073 1316 4190 quibuscumque
1336 4072 1457 4159 modis
1478 4086 1543 4157 out
1563 4070 1754 4157 coloribus
1771 4070 1972 4186 exquisitis·

199 4209 204 4222 ’
341 4188 445 4292 ltem,
465 4190 551 4303 quio
572 4190 756 4275 stantibus
778 4191 873 4274 inter
888 4219 958 4274 nos
975 4191 1193 4276 tractatibus
1210 4188 1431 4291 huiusmodi,
1453 4201 1618 4274 cestrum
1643 4191 1808 4287 Otesslro,
1829 4185 1972 4304 dequo

342 4303 506 4420 dompne
520 4304 683 4420 plurimu
703 4305 832 4405 nobis,
856 4303 999 4420 Regno
1019 4317 1057 4390 et
1077 4306 1235 4393 subditis
1255 4306 1395 4392 nostris
1415 4303 1596 4389 hostiliter
1617 4302 1879 4408 inserebantur,
1904 4335 1974 4420 per

340 4434 478 4538 gentes
509 4436 661 4509 nostros
681 4437 750 4506 est
780 4419 978 4527 vellatum,
1010 4423 1046 4505 in
1074 4451 1187 4524 casu,
1219 4423 1295 4538 quo
1327 4418 1387 4536 od
1407 4449 1540 4506 monus
1571 4435 1723 4506 nostres
1754 4421 1882 4537 regies
1904 4449 1973 4536 per

343 4539 613 4642 devincicnem,
644 4551 710 4624 eut
727 4538 821 4653 elijs
853 4537 1149 4654 quibuscumque
1180 4537 1302 4624 modis
1334 4536 1617 4641 devolveretur3
1653 4536 1774 4652 ipsum
1806 4549 1973 4624 cestrum
2043 4641 2048 4646 ¹

343 4655 559 4741 cum-bonis
578 4655 629 4741 ed
650 4657 770 4772 ipsum
791 4655 1060 4770 spectantibus,
1078 4679 1150 4740 nos
1172 4668 1209 4740 et
1230 4656 1384 4742 Corone
1404 4653 1621 4757 tenebimus,
1642 4669 1680 4740 et
1693 4651 1972 4768 possidebimus
2050 4667 2054 4674 '

342 4769 501 4888 ponilrce
523 4786 560 4857 et
580 4775 724 4889 quiete:
756 4773 825 4861 nisi
846 4770 932 4859 illud
954 4769 1047 4884 dure
1067 4769 1189 4860 eidem
1208 4763 1314 4859 iretri
1333 4783 1463 4860 nostro
1494 4767 1641 4890 Magno
1671 4768 1789 4874 Drusi,
1821 4767 1881 4856 vel
1901 4799 1972 4888 pro
