4870 5948
392 896 614 1017 Boguslaus
629 893 888 1014 Subdopilm,
931 879 1158 988 Godelritlus
1193 903 1290 990 lilius
1328 901 1521 1008 Gestoldi,
1555 903 1721 994 Thomas
1757 902 1855 992 filius
1889 904 2014 1012 Petri,
2116 926 2128 954 ““

394 1015 547 1104 Wlosth
597 1015 693 1104 lilius
745 1016 925 1120 Simonis,
978 1017 1231 1133 wenceslaus
1268 1020 1493 1136 Capelianus
1524 1021 1627 1114 ‚filius
1662 1023 1893 1130 Swatboslai
1913 1025 2013 1138 (sio),

391 1133 576 1222 Rlalenoa
598 1133 834 1221 Castellenus
864 1137 912 1224 de
942 1135 1270 1250 Soetaozewp),
1303 1155 1341 1225 et
1360 1138 1420 1256 alij
1443 1116 1728 1286 quamplures,
1761 1173 1859 1260 quos
1880 1167 2029 1232 omnes¹

380 1254 747 1458 'Klagarpipllongum
768 1271 882 1342 esset.
922 1255 1057 1342 Aotum
1080 1272 1203 1343 autem
1225 1270 1283 1344 est
1302 1255 1377 1343 hoo
1397 1259 1432 1343 in
1461 1258 1486 1344 Γ
1488 1259 1630 1346 bossoo
1647 1261 1661 1371 l
1669 1257 1728 1371 ὁ),
1760 1290 1860 1348 anno
1881 1263 2013 1381 gracie

492 1622 531 1791 pl
560 1621 736 1689 Soolocreu
750 1597 897 1710 oppidum
912 1625 951 1690 ad
966 1625 1093 1690 Bzurom
1109 1625 1242 1704 flurium,
1258 1628 1393 1712 regionis
1408 1635 1507 1713 eaput

524 1707 532 1792 l
562 1707 651 1787 Quae
672 1708 881 1807 pilla‘quodve
904 1710 1049 1808 oppidum
1072 1711 1127 1787 sit,
1149 1712 1232 1796 quod
1257 1711 1446 1778 Tborsocbio
1462 1713 1585 1791 dicitur,
1608 1712 1741 1780 indicare
1757 1733 1884 1800 nequeo.
1912 1711 1970 1780 Est
1984 1713 2014 1780 in

391 1813 424 1890 re
446 1813 516 1857 rone
538 1793 770 1892 Wogrprrensr,
795 1816 825 1858 m
848 1795 990 1892 parocbia
1014 1816 1086 1861 vero
1109 1797 1258 1893 oppidum
1283 1796 1480 1894 Kossoriensi
1503 1797 1568 1864 villa
1593 1799 1678 1862 Torie
1699 1799 1793 1872 diota:
1821 1806 1869 1864 est
1890 1817 2014 1896 quoque

391 1813 472 1974 urile·
485 1877 557 1941 Toln
579 1898 712 1974 regionis
736 1877 912 1962 Lrpnensrs.
941 1880 980 1946 od
1002 1880 1176 1978 parochiam
1198 1881 1285 1946 villae
1307 1880 1458 1946 Slrwrlno
1481 1885 1654 1982 pertinens,
1670 1883 1767 1981 ,in-ter·
1780 1904 1799 1946 o
1813 1883 1892 1982 piel-a
1916 1884 1942 1948 ll
1963 1904 2014 1980 pru

391 1969 423 2059 et
436 1962 549 2109 Brpzurl
563 1970 638 2112 aitte,
660 1963 714 2028 sed
730 1983 802 2028 num
819 1963 962 2031 alterutra
985 1986 1087 2030 earum
1103 1975 1142 2030 stt
1156 1987 1208 2047 eu,
1231 1975 1322 2052 quem
1346 1966 1558 2034 Corradusm
1581 1967 1737 2056 prrvrlegro
1758 1905 1883 2034 rnrlrourr
1905 1904 2013 2046 voluit,

389 2066 472 2111 rouen
486 2065 537 2112 um
552 2067 584 2112 es

1144 2343 1263 2457 lllll.
1513 2381 1516 2390 ’

900 2600 1143 2684 numus·
1161 2620 1325 2750 hanno
1348 2599 1526 2686 mn

390 2803 644 2877 comum
665 2803 735 2876 ou
755 2785 961 2878 luorimot
982 2803 1142 2898 burnan,
1164 2804 1281 2894 sophir
1293 2817 1392 2877 uxore
1407 2805 1466 2876 tur
1479 2803 1615 2897 illisum
1635 2804 1832 2882 ootouou
1852 2805 2015 2884 mooun

630 2906 863 2998 praeruptu,
882 2905 990 2981 utu
1005 2907 1150 2996 tuotone
1163 2907 1358 2998 nmubrio
1373 2902 1606 3000 ttamureuri
1620 2906 1719 2981 rouo
1730 2909 1782 2996 (¹).

491 3128 582 3250 Ego
603 3125 804 3216 Comedus
825 3123 1123 3246 Dux'lllanotyie
1144 3142 1181 3216 et
1202 3130 1416 3247 Cuyawlle,
1459 3125 1629 3218 omnibus
1651 3131 1703 3217 erl
1722 3161 1819 3250 quos
1854 3161 2014 3250 presens

391 3250 532 3368 pagina
563 3245 837 3368 cognoscenda
856 3243 1092 3365 pervenerit,
1123 3247 1280 3336 salutem
1301 3247 1337 3335 in
1359 3279 1405 3364 eo
1428 3250 1492 3368 qui
1511 3263 1569 3336 est
1589 3249 1687 3336 omni
1719 3251 1903 3338 salutaris.
1955 3249 2015 3338 Ne

389 3367 551 3453 humane
567 3369 748 3454 acciones
765 3396 848 3452 oum
865 3367 1004 3453 mundo
1022 3365 1119 3452 labili
1136 3369 1171 3453 in
1188 3366 1384 3455 oblivionis
1397 3366 1619 3486 protundum
1632 3366 1852 3475 dilabantur,
1874 3399 2014 3485 oppor-

388 3500 441 3572 tet
467 3514 534 3570 eas
553 3486 739 3602 scripture
759 3486 959 3588 memoria,
1000 3485 1111 3604 sigilli
1132 3486 1394 3603 impressione,
1430 3485 1628 3571 testimonii
1652 3514 1749 3572 vooe
1773 3486 2013 3602 perhennari,

389 3603 578 3706 roborari,
619 3599 843 3692 confirmari.
894 3599 1032 3688 Notum
1059 3604 1107 3688 sit
1127 3633 1221 3722 ergo
1241 3604 1500 3719 presentibus,
1541 3615 1578 3688 et
1599 3603 1718 3690 soient
1754 3603 1883 3712 lutosi,
1925 3618 2016 3722 quot

389 3720 552 3807 ecelesia
582 3719 693 3807 beate
732 3717 853 3806 lllarie
888 3719 1201 3836 Czyrweoensis‚
1243 3720 1368 3808 villam
1411 3722 1561 3808 nomine
1605 3715 1889 3837 Coszkouo(²),
1930 3751 2014 3808 oum

390 3839 562 3940 omnibus
583 3837 685 3925 silvis
707 3854 744 3925 et
764 3835 998 3946 utilitatibus,
1035 3840 1104 3925 sibi
1126 3839 1288 3958 undique
1304 3839 1594 3957 pertinentibus,
1632 3870 1655 3926 a
1677 3841 1876 3959 nobis.pro
1894 3839 2015 3927 salute

388 3958 510 4043 anime
531 3973 679 4064 nostre,
716 3989 763 4042 ex
780 3955 982 4044 clemencia
1005 3957 1173 4064 obtinuit,
1209 3961 1290 4045 sine
1312 3961 1411 4048 omni
1432 3959 1644 4077 calumpnia
1668 3961 1749 4078 jam
1770 3959 1866 4046 ultra
1888 3960 2015 4075 possi·

390 4071 563 4168 deudam.
604 4073 665 4162 Ne
707 4077 790 4196 quis
831 4105 928 4194 ergo
964 4075 1178 4192 hujusmodi
1220 4079 1316 4164 iusto
1354 4077 1536 4190 obtentui,
1573 4105 1733 4192 presens
1769 4077 1830 4164 vel
1870 4078 2014 4165 loturus

389 4191 676 4306 calumpniando
697 4210 890 4311 presumat
905 4195 1109 4294 contraire,
1145 4210 1360 4312 presentem
1375 4196 1554 4311 pagiuam
1576 4195 1662 4281 iacti
1679 4195 1854 4283 obtentus
1872 4211 2015 4300 testem,

389 4310 587 4428 sigillimel
618 4313 818 4398 munimine
854 4317 906 4399 'ao
940 4315 1145 4430 proborum
1180 4315 1345 4400 virorum
1387 4312 1615 4420 testimonio,
1673 4343 1831 4432 quorum
1864 4316 2013 4400 nomina

362 4427 690 4559 subsequuntur,
726 4430 871 4552 colligi,
911 4429 1100 4530 roborari,
1143 4429 1353 4518 confirmari
1376 4430 1483 4544 (leui).
1513 4427 1675 4518 Habitus
1690 4446 1748 4518 est
1763 4434 1823 4518 hio
1840 4431 2028 4520 obtentus

489 4636 529 4765 l¹l
556 4651 774 4766 Esupradioto
790 4679 896 4747 codiee
910 4681 1134 4768 privilegiorum
1151 4679 1325 4746 monasterii
1341 4679 1590 4758 Crervinseensis,
1606 4701 1673 4767 pag.
1691 4681 1760 4748 168.

388 4765 534 4914 saiada}
549 4765 815 4916 silbilmpafflss
828 4767 959 4852 regionis
978 4765 1170 4844 bombosae,
1193 4765 1356 4853 parochiae
1369 4767 1601 4844 Lubotinonsis‚
1612 4768 1701 4881 ¹inter
1715 4767 1825 4853 oppido
1840 4765 1969 4902 Ostrbrr
1983 4774 2015 4832 ot

1810 4953 1829 5008 4
