4780 5922
1115 725 1389 804 -t'uo-

360 1006 364 1018 ,
457 931 659 1052 etamplius
685 945 890 1051 augeatur,
922 959 1070 1017 exnunc
1101 931 1213 1050 igitur
1243 930 1379 1017 Marco
1411 927 1634 1033 Aduoaatu,
1666 959 1737 1016 nec
1758 959 1832 1019 non
1853 935 2064 1052 progenitis

425 965 554 1140 llatris
582 1052 662 1139 eius
688 1047 849 1166 Ruperti
882 1048 1085 1135 memoriae
1101 1049 1269 1155 loelicis',
1301 1078 1350 1135 ac
1371 1047 1559 1136 omnibus·
1575 1047 1719 1135 ciuibus
1747 1050 2063 1140 Sandomiriensi·

429 1170 519 1276 bus,
542 1165 808 1255 haereditatem
830 1181 998 1256 nostram
1019 1174 1324 1269 Rodoslrowu‘cze,
1347 1168 1458 1254 etiam
1480 1165 1622 1253 dudum
1643 1167 1806 1254 iunctam
1827 1197 1895 1285 per
1909 1183 2062 1256 nostros

318 1333 361 1386 ,2
428 1287 750 1407 praedecessores
772 1286 893 1372 eidem
914 1286 1064 1390 ciuitati,
1085 1284 1258 1373 denovo
1279 1313 1379 1372 nunc
1400 1284 1605 1389 donamus,
1626 1284 1783 1389 damus,
1805 1285 2003 1396 tradimus,
2025 1301 2063 1375 et
2089 1347 2093 1354 -

338 1469 340 1478 t
428 1406 665 1492 conferimus.
710 1403 822 1492 Velut
842 1406 878 1490 in
899 1405 979 1490 suis
999 1403 1123 1509 metis,
1156 1418 1193 1491 et
1212 1404 1376 1490 terminis
1397 1403 1777 1491 circumieranticliter
1798 1419 1856 1492 est
1876 1403 2061 1511 distincta,

427 1522 548 1611 eidem
570 1523 703 1610 Marco
724 1537 761 1610 et
781 1522 990 1640 progenitis
1012 1523 1275 1640 praescriptis,
1307 1522 1515 1610 Aduocatis
1536 1519 1756 1640 praedictae
1775 1523 1933 1610 ciuitatis
1956 1538 1993 1610 et
2013 1524 2063 1610 ci·

427 1642 552 1746 uibus,
583 1642 703 1756 ipsam
723 1640 992 1728 haereditatem
1009 1646 1318 1745 Rudcslccuicze,
1350 1669 1435 1726 cum
1458 1639 1629 1727 omnibus
1649 1639 1880 1747 utilitatibus,
1906 1641 2063 1728 redditi·

426 1759 509 1866 bus,
531 1759 764 1878 singulisque
784 1759 1027 1877 pcrtinentijs,
1048 1773 1086 1846 et
1104 1760 1245 1862 usibus,
1267 1759 1329 1876 qui
1351 1787 1450 1845 nunc
1471 1757 1518 1844 ibi
1540 1773 1636 1863 sunt,
1658 1757 1722 1846 aut
1743 1788 1812 1876 per
1827 1787 1957 1848 eorum
1972 1788 2061 1877 pru·

426 1877 626 1964 uidentiam
646 1877 782 1963 luerint
802 1879 839 1962 in
860 1878 1039 1981 luturum,
1064 1877 1357 1964 irreuocabiliter
1378 1875 1596 1982 tonandam,
1616 1875 1848 1984 habendam,
1869 1877 2062 1994 libereque

426 2011 464 2082 et
483 1997 753 2113 imperpetuum
775 1992 1055 2112 possidendam.
1104 1993 1215 2080 Haec
1236 1995 1348 2115 igitur
1369 1996 1501 2082 harum
1521 1995 1621 2083 serie
1640 1994 1874 2082 roboramus
1922 1995 2061 2082 Actum

427 2125 465 2201 et
483 2111 610 2199 datum
642 2111 850 2199 Cracouiae
878 2112 940 2198 die
974 2117 1157 2200 Gereom's
1188 2113 1355 2202 Martiris
1387 2126 1424 2202 et
1445 2114 1524 2201 eius
1545 2115 1736 2202 sotiorum.
1787 2109 1900 2200 Anno
1921 2112 2060 2201 domiui

426 2230 620 2319 millesimo
652 2232 914 2318 trecentesimo
947 2232 1140 2351 trigesimo
1171 2232 1344 2348 septimo.
1401 2230 1670 2318 Praesentibus
1691 2231 1765 2348 hijs
1783 2232 1970 2319 nubilibus
1990 2259 2060 2319 no·

426 2350 515 2438 stris
536 2349 747 2466 Spicimirio
771 2347 999 2454 Castellano,
1031 2347 1192 2438 Nicolao
1214 2349 1399 2456 Palatino,
1422 2362 1460 2437 et
1479 2348 1653 2470 Zbignec
1673 2351 1892 2466 praeposito
1913 2366 1950 2438 et
1969 2379 2059 2436 uan-
2124 2450 2131 2465 ,

426 2466 588 2571 cellario,
617 2465 795 2553 daroslao
817 2467 1096 2555 Archidiacono
1119 2468 1451 2573 Cracouiensibus,
1473 2468 1589 2556 Petro
1611 2465 1730 2555 Nosal
1753 2467 2083 2573 Sandomirieusi,'

425 2581 630 2702 Mistigneo
650 2581 899 2672 Radamicnsi
921 2585 1146 2672 Castellanis
1168 2601 1205 2674 et
1225 2585 1306 2672 aliis
1328 2587 1449 2674 multis
1469 2585 1544 2673 lide
1565 2586 1702 2706 dignis.

967 2955 1293 3088 mcx,

851 3225 1012 3308 Ammo
1038 3217 1181 3310 1341
1206 3224 1258 3311 d.
1285 3222 1323 3309 :3
1353 3217 1626 3312 (boteone.

425 3418 678 3495 Romuleus
698 3422 1044 3512 Irumdmrtus
1058 3425 1360 3520 auriarprouttut
1375 3429 1525 3502 duduco
1540 3429 1608 3522 rogi
1622 3447 1658 3503 ro
1673 3431 1801 3503 rtututu
1817 3429 1944 3517 dictur
1957 3429 2056 3506 milite

598 3541 833 3616 romanarum
847 3543 1027 3617 grossorum
1040 3530 1240 3620 pragensium
1254 3529 1338 3603 llice
1354 3529 1442 3602 totis
1456 3531 1577 3604 nomme
1591 3532 1823 3625 punctatum
1837 3535 1888 3621 (¹).

525 3743 609 3834 Nos
629 3746 830 3836 Heinricus
850 3748 911 3836 dei
931 3752 1065 3869 gracia
1086 3750 1340 3874 Lantgrauius
1363 3770 1462 3843 terra
1482 3755 1637 3862 Hassie,
1658 3758 1852 3847 manifeste
1866 3786 1959 3846 rcco
2015 3787 2055 3846 o-

425 3865 566 3952 saimus
591 3863 625 3952 in
648 3866 718 3985 hijs
739 3867 899 3984 scriptis.
952 3867 1070 3980 Quod
1093 3869 1294 3990 magnilica
1317 3871 1488 3981 domina,
1521 3873 1674 3962 domino
1705 3873 1918 3982 Karimiro,
1949 3787 2055 3996 ἕξεί

382 4065 394 4084 ,
424 3982 602 4092 Palania,
632 3984 785 4074 domino
805 4013 952 4106 genero
972 4001 1102 4074 nostro
1124 3987 1345 4097 karissimo,
1376 3989 1453 4079 duo
1475 3993 1571 4080 milia
1593 4019 1869 4112 sexagenarum
1890 4021 2055 4114 grosso-

425 4129 507 4186 rum
527 4106 783 4223 pragensium,¹
802 4134 886 4191 cum
908 4103 1031 4191 inclita
1052 4103 1262 4195 Adelheide
1284 4109 1448 4230 coniuge
1469 4141 1550 4218 sua,
1571 4111 1645 4198 lrlia
1666 4126 1795 4199 nostra
1815 4111 1967 4199 nomine
1988 4110 2054 4201 do·

426 4218 595 4305 nacionis
624 4237 778 4340 propter
805 4223 982 4340 nupcias,
1013 4221 1216 4311 bonafide
1245 4225 1337 4314 dare
1366 4229 1622 4345 promisimus,
1653 4259 1700 4315 ac
1719 4229 1965 4348 promittimus
1985 4259 2056 4346 per

424 4349 621 4453 presentes
642 4335 689 4425 de
710 4340 845 4457 quibus
863 4341 996 4460 ipsum,
1017 4343 1054 4428 in
1075 4342 1135 4429 die
1156 4347 1277 4434 sancti
1295 4343 1519 4434 Michahelis
1540 4341 1759 4468 archangeli
1780 4346 1939 4436 affutura
1954 4375 2056 4434 nunc

424 4456 611 4574 proxime,
633 4456 668 4542 in
690 4457 836 4544 ciuitate
858 4489 928 4545 sua
950 4460 1140 4552 Cralrouiu
1162 4463 1244 4576 (sic)
1266 4463 1336 4551 sub
1358 4467 1535 4583 expensis
1557 4480 1594 4552 et
1608 4465 1787 4584 dampnis
1808 4467 1946 4555 nostris
1965 4493 2055 4584 pra·
2082 4479 2084 4482 ’

527 4707 561 4790 (l
590 4709 638 4772 Ex
652 4708 814 4795 archetypo
830 4709 1062 4776 membranaceo
1077 4714 1107 4778 in
1123 4715 1312 4780 Varsariensi
1329 4716 1476 4782 tabulario
1496 4717 1617 4802 publico
1640 4717 1738 4802 Regni
1760 4716 1907 4783 Potoniaa
1923 4715 1978 4782 Νη
1992 4715 2055 4782 220

426 4799 588 4884 asservato.
610 4791 669 4888 Sex
683 4794 777 4878 sigilla
793 4815 923 4880 appenso
940 4801 1012 4858 sunt
1027 4793 1095 4861 huic
1109 4799 1230 4865 tabulae
1245 4797 1383 4864 taeniolis
1400 4802 1654 4882 membranaceis,
1677 4801 1781 4867 omnia
1795 4801 1908 4867 attrita.
1937 4801 2055 4868 Eorum

426 4892 557 4958 primum
574 4879 695 4961 majoris
710 4879 824 4944 lormaa
839 4880 903 4944 sinc
919 4879 1015 4946 dubio
1027 4890 1092 4945 crat
1106 4881 1284 4966 Landgrarii
1299 4883 1434 4950 Hessius.
