4800 5942
1008 741 1279 820 „301-

322 950 425 1036 turis.
479 945 687 1062 Quomodo
709 945 758 1033 de
777 946 933 1064 speciali
954 945 1133 1034 mandato
1153 963 1191 1034 et
1211 948 1476 1036 commissione
1507 946 1746 1035 Serenissimi
1767 946 1953 1063 Principis

322 1082 358 1156 et
387 1066 536 1154 Domini
570 1065 715 1151 Domini
745 1064 929 1151 Vladislai
958 1064 1030 1152 Dei
1057 1064 1335 1186 'gretia‘Regis
1365 1065 1549 1154 Poioniae
1580 1081 1651 1152 etc.
1681 1068 1805 1154 fratris
1835 1064 1953 1153 nostri

320 1186 483 1273 senioris
498 1184 719 1289 charissimi,
740 1183 1023 1300 circumspectis
1044 1198 1082 1268 et
1096 1183 1265 1301 prouidis
1287 1184 1430 1270 civibus
1450 1183 1500 1271 de
1524 1187 1702 1294 Cotomnjo
1723 1213 1807 1270 cum
1827 1182 1954 1271 Nobiti
2002 1247 2004 1254 .

321 1302 515 1418 Procopio
550 1299 882 1418 Tbaptucowycz,
919 1302 1114 1417 terminum
1137 1301 1266 1419 judicij
1304 1301 1507 1420 specialem
1544 1301 1707 1419 etdiem
1744 1315 1885 1388 certum
1917 1313 1955 1386 et

320 1419 611 1538 peremptorium
625 1418 797 1507 dedimus
813 1435 851 1506 et
863 1418 1154 1537 assignauimus.
1174 1417 1248 1506 Ubi
1263 1420 1491 1507 accedentes
1507 1419 1556 1506 ad
1573 1421 1690 1506 nostri
1702 1419 1961 1535 praesentiam-

321 1541 438 1625 ciuas·
453 1537 502 1625 dc
518 1542 714 1648 ,carmon
744 1539 940 1656 conquesti
969 1551 1060 1625 sunt
1086 1551 1222 1624 contre
1253 1536 1425 1624 Nobilem
1456 1537 1708 1655 Procopium,
1738 1535 1843 1654 quod
1870 1537 1953 1650 ipse

346 1654 495 1744 rabbat
523 1655 651 1770 syiuas
680 1655 801 1773 prope
834 1660 1046 1765 Cotomtjom
1075 1653 1315 1773 adjacentes:
1341 1671 1385 1742 et
1412 1668 1662 1762 asserentes,¹
1683 1654 1785 1774 quod
1815 1652 1955 1740 babent

320 1687 449 1862 iitcres
470 1786 507 1860 et
521 1771 723 1891 ‘priuilegia
743 1803 813 1860 seu
832 1774 1057 1886 munimenta
1085 1775 1239 1892 Regum
1260 1803 1376 1890 super
1396 1773 1551 1882 easdem
1573 1774 1702 1891 syiuas
1723 1770 1953 1884 sufficientia.

320 1892 395 2009 Ubi
411 1915 481 2008 per
495 1909 568 1981 nos
583 1905 621 2006 et
630 1891 809 2006 judicium
827 1906 993 1979 nostrum
1010 1905 1068 1978 est
1083 1891 1348 1996 decretumne
1363 1894 1433 2010 ipsi
1449 1893 1552 1979 ciues
1569 1914 1644 1978 una
1660 1920 1743 1978 cum
1760 1889 1953 2005 Procopio

321 2011 490 2128 praefato
511 2025 738 2127 reponerent
754 2009 903 2113 iitoras,
932 2031 1033 2126 quas·
1049 2009 1226 2096 dicebant
1240 2009 1387 2097 babere
1407 2010 1671 2128 super'syiuas
1688 2010 1894 2127 praefatas,
1907 2007 1954 2124 in
2022 2035 2030 2046 ·

320 2129 478 2216 teirnino
509 2129 600 2243 ipsis
630 2147 698 2244 per
728 2157 798 2214 uos
831 2128 921 2216 doto
949 2141 987 2212 et
1006 2130 1215 2245 assignato.
1268 2126 1503 2214 Adueniente
1524 2155 1616 2215 veru
1638 2128 1699 2214 die
1720 2127 1954 2242 terminoque

320 2247 413 2364 ipsis
444 2243 534 2332 dato
563 2275 635 2361 per
663 2275 736 2332 nos
765 2260 804 2331 et
834 2245 1052 2363 assignato,
1089 2245 1226 2332 ambae
1244 2257 1385 2363 ‘'portcs
1415 2247 1641 2332 constitutae
1672 2245 1800 2332 iiterus
1824 2261 1953 2356 coram

320 2363 431 2450 nobis
463 2378 499 2450 et
522 2363 679 2480 judicio·
700 2379 960 2480 reposuemnt
1013 2362 1238 2479 Conspectis
1259 2390 1351 2450 vero
1372 2363 1486 2450 literis
1506 2364 1699 2451 ambarum
1721 2362 1891 2478 partium,
1917 2360 1954 2445 in

320 2478 435 2568 literis
471 2483 635 2568 ciuitatis*
667 2485 919 2591 Cotcmtjensic
954 2478 1049 2567 uiies
1081 2481 1176 2592 (sio)
1208 2479 1360 2596 cybrae,
1392 2508 1520 2598 'neque
1550 2482 1721 2567 mericas‘
1742 2479 1954 2593 descriptas

320 2589 551 2704 muenimus3
573 2598 643 2685 sed
665 2599 707 2682 in*
721 2597 837 2686 literis
859 2599 1038 2714 Procopij
1057 2601 1252 2713 'praefatas
1273 2597 1402 2713 syluas
1423 2614 1459 2685 at
1481 2601 1639 2684 mericas
1662 2585 1954 2714 perpetualitutib'

321 2715 403 2827 (sic)
429 2732 470 2803 et*
486 2715 728 2802 baereditatis
749 2715 832 2826 (sic)
852 2717 1072 2833 inscriptas,
1103 2728 1140 2801 et
1160 2719 1368 2831 asscriptus
1389 2717 1608 2833 reperimus.
1660 2715 1769 2800 Tunc
1789 2733 1859 2800 nos
1880 2736 1956 2825 uun

320 2861 406 2921 cum
426 2835 625 2952 terrigenis
647 2833 963 2948 etassessoribus
980 2833 1129 2947 nostris,
1151 2849 1310 2949 protunc
1324 2831 1469 2947 judicio
1491 2848 1621 2948 nostro
1642 2829 1955 2949 praesidentibus,

319 2951 556 3068 decreuimus
593 2951 694 3040 dicto
729 2949 922 3068 Procopio
959 2951 1051 3064 (sic)
1088 2951 1262 3041 obtinere
1291 2951 1410 3037 robur
1444 2967 1648 3068 perpetuae
1677 2950 1881 3048 firmitatis,
1917 2948 1954 3060 in

229 3175 233 3181 .
319 3069 523 3185 praetactis
539 3067 654 3180 syiuis
672 3083 708 3153 et
723 3070 882 3169 maricis,
897 3070 1004 3182 juxta
1020 3096 1175 3180 suorum
1190 3068 1470 3184 priuilegiorum
1488 3069 1788 3185 descriptionem
1809 3065 1956 3150 ciuibus

310 3181 484 3277 ¹vcrode
515 3189 691 3294 Colcmtjn
711 3183 821 3270 vilem
843 3183 925 3294 (sic)
947 3183 1151 3270 libertatem
1173 3183 1330 3272 intrrmdi
1351 3185 1472 3271 dictas
1492 3187 1641 3300 symes,
1664 3205 1744 3270 'nec
1764 3181 1955 3299 equitandi
2041 3265 2049 3280 ,

320 3305 468 3392 minime
489 3302 659 3420 potuisse
675 3301 769 3412 (sic),
791 3302 860 3402 nisi
876 3331 961 3388 cum
978 3330 1167 3388 consensu
1183 3303 1341 3418 praefati
1362 3303 1540 3421 Procopij
1563 3317 1600 3388 et
1620 3301 1765 3388 licentia
1786 3300 1952 3419 speciali.

321 3421 448 3538 Super
468 3421 603 3539 quibus
625 3421 864 3538 praemissis,
896 3420 1056 3539 sigilium
1079 3433 1248 3506 nostrum
1279 3419 1451 3506 duximus
1471 3419 1762 3538 appendendum
1793 3422 1828 3505 in
1849 3417 1954 3504 testi·

253 3599 256 3604 ·
322 3541 486 3626 monium
503 3540 812 3656 praemissorum.
861 3533 1132 3625 Praesentibus
1154 3537 1288 3624 ibidem
1317 3538 1478 3625 strenuis
1509 3553 1546 3623 et
1565 3536 1751 3623 nobilibus
1781 3535 1956 3622 dominice

306 3654 518 3770 ,Vindisiao
539 3654 588 3742 do
610 3656 827 3775 Cropyocz,
856 3654 1051 3742 Guntbero
1072 3654 1283 3770 Borsnycz3
1306 3643 1550 3774 Sigismundo
1571 3653 1739 3770 Kerdeij'‚
1761 3643 1955 3740 Niemirkn'
2091 3679 2092 3682 ‘

319 3773 613 3879 Kaszanowicm
634 3773 821 3862 Michaele
842 3769 1108 3877 Scbczuczicz,
1129 3771 1321 3861 Stanisiao
1337 3773 1573 3892 bupimwski⁴
1585 3786 1623 3868 et
1637 3773 1718 3889 aiijs
1733 3770 1810 3858 iide
1826 3763 1956 3889 dignis·

318 3902 480 4009 protunc
495 3893 769 4010 praesentibus.
791 3893 945 3979 'Actum
964 3908 1001 3979 at
1019 3891 1151 4008 datum
1166 3893 1202 3979 in
1223 3888 1478 4006 coronent),
1500 3893 1561 3980 dic
1578 3891 1765 3979 dominico
1779 3891 1952 4007 proximo

318 4025 407 4130 post
426 4007 559 4097 testarii
581 4007 862 4129 Assumptiouis
890 4009 1035 4098 Mariae
1055 4009 1258 4130 Virginis5·
1276 4039 1376 4099 anno
1397 4009 1536 4101 domiui
1556 4009 1748 4097 miilcsimo
1769 4006 1949 4125 quadrin-

319 4125 532 4246 gentesimo
551 4129 740 4246 vigesimo
759 4146 905 4247 quarto.
972 4156 974 4166 ’
1036 4174 1040 4186 ’
1428 4161 1432 4168 ·
1478 4159 1504 4176 ”
1690 4162 1711 4176 ““
1949 4147 1956 4172 ’

349 4399 370 4412 ··
421 4375 461 4461 (²)
491 4373 641 4461 Kobmpo
655 4375 811 4460 (uotonis)
824 4377 969 4460 oppidum
985 4377 1023 4443 nd
1039 4327 1163 4444 flurium
1179 4379 1304 4444 Protin
1319 4351 1444 4462 ¹entique
1457 4383 1537 4443 terra
1552 4375 1713 4444 Hdiciensi
1727 4377 1828 4443 situm.
1941 4397 1954 4419 ,-
