4800 5942
1140 707 1414 784 -318-

1149 1037 1427 1156 cnxxvn.
1547 1202 1552 1210 ἱ
1626 1091 1631 1102 ·

590 1253 1236 1407 mesammones
1263 1307 1315 1392 u.
1343 1305 1383 1392 o
1410 1303 1611 1392 menen
1635 1307 1975 1395 coemere.

454 1499 2066 1602 ‘nuuouummmmerosur.n.nsrgremuuumnrmrnnuvuvm
2160 1599 2170 1611 ,

492 1609 589 1703 nu·
610 1611 881 1734 ιιιαιιιιιι
897 1613 1002 1692 ιιι.
1019 1613 1152 1800 nepe-13
1149 1611 1258 1808 ιίιιοξιῐι
1245 1612 1421 1791 ”effi
1430 1611 1507 1802 ppt
1520 1611 1751 1704 surorum
1770 1613 2066 1698 remunerem
2188 1613 2192 1626 ·

489 1997 495 2008 ·
562 1937 794 2031 Vinceucius
824 1906 886 2026 dei
915 1941 1047 2055 grecis
1076 1940 1220 2028 Sancte
1247 1937 1422 2030 Ecclesie
1453 1938 1691 2028 Gueznensis
1711 1901 2034 2059 Archiepiscopus
2054 1957 2093 2032 et

459 2056 631 2196 Primos,
681 2056 883 2258 Sbigneus·
903 2055 1040 2189 eeeiem
1099 2057 1203 2189 racis
1231 2054 1449 2172 Episcopus
1481 2056 1769 2192 Gracc-viensis,
1816 2057 2013 2192 Jcirennes
2040 2053 2091 2146 de

462 2181 650 2262 Ttuuczov
671 2173 750 2261 Seu
779 2202 998 2279 ommensrs,
1020 2187 1058 2260 et
1118 2187 1261 2262 urunus
1278 2171 1326 2260 de
1346 2172 1514 2260 Staueko
1532 2173 1749 2263 Coirsrensrs
1764 2175 1938 2282 Paiatmr,
1959 2191 2090 2265 tencre

459 2293 699 2410 presencium
715 2291 1054 2410 recongnoscimus
1070 2289 1165 2403 (sic),
1185 2290 1320 2406 quibus
1336 2289 1487 2406 expedit
1500 2290 1703 2380 universis:
1725 2291 1933 2404 Quomodo
1953 2291 2012 2381 de·
2053 2325 2089 2381 e

458 2408 577 2498 nereii
598 2411 868 2516 convencione,
888 2409 925 2496 in
946 2411 1041 2498 festu
1062 2409 1173 2498 beate
1192 2407 1395 2527 Hedwigis
1410 2409 1587 2524 proxime.
1598 2421 1802 2515 transacto,
1822 2415 1974 2498 St'rcdie
1995 2323 2089 2505 mie»

457 2527 584 2630 breta,
610 2526 661 2614 ed
682 2525 891 2643 preclarum
911 2526 1126 2643 Principem
1146 2525 1345 2615 Dominum
1366 2523 1649 2645 Sigismundum
1669 2525 1731 2613 dei
1751 2529 1884 2644 grecie
1903 2527 2089 2646 Magnum
2128 2623 2133 2628 ,

459 2644 607 2743 Ducem
635 2641 880 2758 Lythwenie,
908 2643 1050 2731 Russie
1079 2658 1150 2730 etc.
1182 2673 1268 2730 cum
1297 2642 1410 2760 piene
1439 2643 1707 2732 informacioue
1737 2645 1863 2750 missi,
1893 2673 1939 2732 ou
1970 2647 2088 2734 ‘entes

457 2761 588 2850 literas
618 2759 909 2876 inscriptionum
938 2761 1034 2848 inter
1063 2760 1343 2850 serenissimum
1371 2759 1587 2879 Principem
1613 2759 1812 2848 Dominum
1836 2759 1924 2848 Wie
1956 2760 2088 2850 'sinum

457 2877 610 3086 Belgem
629 2876 802 2982 Poicnie,
822 2875 908 2968 dive
928 2879 1107 2966 memorie
1127 2875 1316 2968 dominum
1337 2893 1506 2968 nostrum
1527 2877 1868 2998 gratiosissimum,
1892 2877 2086 2968 Coronen

457 3011 496 3084 et
554 3025 694 3114 egnum
715 2995 832 3113 ipsius
854 3027 902 3083 ex
921 3025 1017 3104 unu,
1048 3012 1087 3084 et
1106 2994 1318 3113 prociarum
1341 2994 1559 3113 Principem
1580 2996 1780 3104 Dominum
1801 2985 2086 3115 Sigismundum

456 3112 640 3233 Magnum
661 3112 808 3206 Ducem
826 3111 1060 3230 Lythwenie,
1079 3113 1221 3204 Russie
1236 3130 1306 3204 etc.
1328 3114 1497 3250 pertibus
1513 3112 1562 3204 eb
1580 3115 1711 3220 altere,
1732 3113 1937 3218 coniectos,
1959 3143 2087 3220 senes,

346 3307 353 3318 .
458 3230 588 3322 sulvus
608 3246 644 3320 et
664 3233 844 3352 integrus,
866 3260 1117 3340 conservare,
1147 3263 1219 3352 pro
1239 3234 1482 3322 serenissimo
1502 3231 1679 3349 Principe
1700 3230 1854 3321 domino
1876 3229 2086 3320 wladislao

187 3335 189 3343 ⁸
330 3439 333 3448 ,
385 3460 392 3468 .
457 3347 518 3436 dei
595 3351 680 3440 ocia
708 3349 825 3470 Rege
854 3350 1013 3441 Potonie
1040 3349 1245 3458 mudemo,
1274 3347 1473 3467 Lythwen'
1526 3380 1573 3438 ue
1604 3349 1781 3466 Principe
1811 3348 2017 3484 Supremo,
2049 3361 2088 3462 et

455 3464 597 3556 heres
631 3463 775 3556 Russie
810 3481 881 3558 eto.
919 3467 1071 3558 domiuo
1105 3484 1238 3558 nostro
1303 3470 1479 3572 racinse,
1554 3459 1702 3556 reciero
1738 3465 1905 3586 Princrpi
1934 3465 2086 3556 dominc

455 3583 701 3703 Sigismundo
731 3587 877 3703 preieto
907 3585 1054 3707 Magno
1084 3586 1182 3676 Duci
1211 3498 1456 3702 Lyirwanie,
1486 3584 1629 3676 Russie
1659 3599 1729 3674 etc.
1762 3600 1800 3673 et
1829 3584 1994 3674 Ducatui
2016 3612 2086 3674 suo

454 3699 603 3818 Magno
633 3704 891 3819 promisione,
924 3699 1200 3824 spopondimus
1234 3720 1273 3796 et
1300 3704 1575 3810 fideiussimus,
1611 3717 1818 3820 tenoreque
1847 3701 2086 3820 presencium

453 3818 722 3938 promittimus,
752 3819 984 3937 spondemus
1015 3837 1054 3908 et
1082 3822 1348 3912 fideiubenrus:
1380 3819 1483 3942 quod
1503 3821 1555 3912 ed
1583 3817 1760 3940 Regnum
1791 3819 1953 3932 Potonie
1973 3817 2085 3907 rede-

455 3949 564 4026 untes
584 3935 784 4042 Berones,
814 3935 987 4043 Milites,-
1004 3938 1174 4057 aliosque
1193 3940 1368 4046 clientes,
1400 3941 1669 4057 cuiuscumque
1688 3951 1829 4043 status,
1850 3935 2085 4026 condicionis

455 4055 627 4154 existent,
648 4053 779 4176 Regni
799 4057 919 4146 nostri
938 4052 1099 4146 Poionie
1119 4057 1276 4165 incolas,
1297 4087 1365 4147 seu
1383 4069 1532 4178 gentes,
1552 4057 1591 4148 in
1611 4072 1738 4148 cestro
1758 4059 1925 4142 temeto
1946 4068 1985 4142 et
1999 4051 2086 4142 alibi

453 4171 600 4270 ubioum
695 4174 923 4292 inservicijs
943 4172 1063 4265 Ducis
1083 4173 1222 4264 vaidr‘
1251 4175 1289 4264 ui
1308 4239 1602 4263 ..........
1625 4173 1890 4266 serenissimus
1910 4169 2085 4263 dominus
2156 4205 2159 4208 ·

298 4357 304 4368 .
453 4303 584 4386 noster
642 4318 694 4380 ex
713 4291 1139 4413 nodorum‘nsgmm
1160 4307 1199 4381 et
1276 4321 1373 4385 rone
1389 4293 1509 4412 ipsius
1529 4291 1725 4385 revocabit
1745 4307 1783 4396 et
1802 4288 1950 4395 educet,
1970 4305 2084 4405 mque

452 4406 627 4496 revocari
642 4401 804 4504 et'educi
819 4411 940 4517 societ,
961 4412 1054 4499 inire
1069 4411 1156 4502 hinc
1176 4427 1213 4500 et
1226 4411 1360 4501 festum
1376 4411 1636 4502 conversionis
1651 4409 1773 4503 sancti
1792 4407 1900 4501 Pauli
1915 4407 2084 4526 proxime

553 4657 594 4755 (¹)
624 4659 652 4724 E
666 4657 770 4724 tabule
785 4655 956 4724 authentico
972 4658 1247 4726 membranaceum
1263 4659 1412 4727 tebuimic
1433 4653 1478 4725 lu}
1495 4657 1671 4756 Principum
1686 4655 1935 4756 thziwiiiprum
1950 4672 2083 4752 asserve-

452 4749 493 4806 ιι.
524 4741 604 4807 Hunc
617 4742 740 4810 tebutoe
753 4761 885 4828 appenso
901 4749 973 4808 sunt
985 4743 1122 4809 taeniolis
1138 4744 1327 4829 pergamenis
1341 4744 1398 4808 trie
1412 4743 1506 4827 sigitiu
1522 4743 1641 4810 mediae
1656 4742 1890 4826 magnitudino,
1911 4737 2084 4806 exhibente

347 4925 350 4934 ³
452 4823 581 4910 insignio
595 4827 719 4894 vocibus
733 4827 886 4913 inscripto,
897 4825 960 4911 jorn
977 4826 1084 4893 delete.
1119 4826 1273 4907 Quuum
1288 4827 1427 4913 sigilium,
1441 4827 1528 4913 cuius
1542 4826 1673 4894 tconioie
1689 4832 1838 4912 superest,
1852 4824 2051 4892 desideretur.
