4780 5922
1030 777 1303 854 -tot-

1090 1140 1246 1256 xotu.

518 1393 831 1490 voconiae,
857 1412 1013 1478 anno
1038 1389 1197 1480 130⁰
1222 1392 1615 1478 oecumenem
1639 1395 1818 1480 duna.

383 1629 695 1716 vtortsttenus
710 1629 869 1703 Scultetus
882 1627 1091 1702 vultuosam
1104 1627 1271 1702 notentur
1286 1629 1335 1701 rut
1348 1627 1381 1700 tn
1394 1627 1470 1702 nlte
1485 1627 1618 1718 ttoszory
1633 1629 1701 1718 citt,
1716 1629 1791 1702 um
1802 1627 1951 1702 eductu

380 1731 506 1807 Potoutr
516 1733 593 1818 emt
606 1729 799 1804 nourstorto
813 1730 946 1822 tortum
958 1729 1084 1817 turum
1098 1731 1130 1802 tu
1143 1729 1301 1817 transm,
1315 1729 1440 1818 putum
1454 1729 1644 1803 euenum
1661 1729 1874 1802 conr-adt
1889 1731 1950 1801 de

426 1831 799 1922 urentennogen
812 1831 1007 1922 ltttnneurto
1022 1830 1138 1902 ordinis
1152 1830 1290 1922 oquitur
1305 1830 1544 1924 teutonicorum
1558 1830 1825 1906 commentatum
1839 1831 1907 1922 (out

516 1931 693 2020 decurtat)
710 1933 745 2003 ot
759 1947 915 2004 comeum
930 1929 1062 2004 uttorun
1077 1946 1202 2003 suorum
1217 1931 1396 2021 recedente,
1408 1937 1510 2006 roten
1524 1951 1597 2006 osso
1611 1933 1754 2006 tentarat
1768 1931 1819 2016 (¹).
1839 1995 1842 2002 .

456 2153 538 2243 Nos
568 2156 684 2241 frater
717 2149 956 2263 Con.(radus)
980 2151 1031 2238 de
1050 2149 1323 2270 Lyhtcnhagen
1355 2151 1649 2240 Commendator
1668 2155 1822 2242 fratrum
1844 2153 1979 2242 domus

355 2273 611 2362 Thcutonioae
633 2273 668 2358 in
688 2269 870 2388 Elbingo‚
902 2283 1027 2356 notum
1049 2299 1136 2356 esse
1157 2269 1326 2385 cupimus
1346 2270 1580 2386 presencium
1601 2272 1878 2387 inspectoribus
1899 2272 1980 2360 uni·

355 2391 493 2478 versis:
515 2387 633 2503 Quod
655 2388 863 2476 Cristianus
880 2385 1071 2506 quondam
1092 2385 1281 2472 Scultetus
1302 2386 1338 2470 in
1359 2391 1563 2472 Kossclutlr
1583 2388 1619 2474 in
1634 2391 1831 2505 presencia
1847 2403 1981 2477 nostru

357 2525 394 2596 ct
425 2505 671 2627 quorumdam
702 2507 854 2594 fratrum
884 2520 1098 2590 nostrorum
1126 2501 1273 2618 publice
1294 2515 1353 2588 est
1373 2504 1587 2618 professus,
1619 2535 1663 2591 sc
1683 2536 1767 2592 cum
1790 2536 1981 2594 consensu

273 2625 277 2632 ’
356 2625 487 2716 uxoris
517 2654 586 2710 sue
616 2653 664 2708 ae
683 2623 883 2710 liberorum
904 2650 1058 2708 suorum
1079 2617 1327 2706 molendinum
1351 2619 1387 2704 in
1408 2616 1507 2706 dicta
1527 2619 1614 2707 villa
1633 2627 1839 2709 Kossetutt
1859 2625 1981 2729 situm,

357 2741 458 2861 quod
489 2739 560 2828 sub
592 2769 717 2827 annuo
749 2769 866 2826 censu
893 2737 1051 2825 duorum
1072 2734 1234 2854 lapidum
1256 2765 1344 2822 cere
1364 2731 1675 2852 possederat(²),
1705 2739 1981 2832 venerabilibus

356 2861 445 2948 viris
467 2856 618 2946 domino
639 2856 778 2944 Abbati
799 2871 836 2944 et
854 2856 1028 2944 fratribus
1050 2853 1128 2941 suis
1149 2852 1197 2938 de
1216 2859 1348 2966 Lyodo
1368 2883 1438 2972 pro
1460 2868 1562 2941 certa
1578 2858 1737 2972 pecunia
1752 2857 1981 2968 vendidisse,

358 2993 396 3065 ct
421 2977 456 3062 in
479 2975 624 3062 civitate
655 2973 753 3060 dicta
785 2970 1006 3086 Stobzecll)
1028 3001 1157 3060 coram
1177 2985 1388 3060 contestato
1409 2970 1543 3058 iudicio
1563 2975 1795 3094 resignasse.
1836 2975 1982 3062 Postea

357 3123 470 3198 vero,
502 3121 585 3176 cum
607 3089 728 3176 dictus
761 3089 967 3178 Cristianus
992 3089 1042 3178 ad
1064 3106 1199 3177 terram
1220 3091 1387 3178 nostram
1419 3089 1467 3174 de
1497 3088 1659 3177 Polonia
1690 3122 1733 3180 se
1764 3091 1982 3182 transferret

357 3241 442 3298 oum
462 3206 546 3295 liliis
567 3206 645 3297 suis
666 3205 921 3320 Will.(hclmo)
942 3219 981 3296 et
999 3203 1226 3312 Theodn'co,
1251 3207 1313 3324 qui
1333 3205 1502 3326 predicte
1520 3205 1731 3296 vmdioioni
1752 3238 1826 3297 non
1847 3210 1981 3300 intere-

355 3341 459 3432 rant,
491 3325 674 3444 prclatum
701 3323 952 3412 molendinum
982 3340 1021 3413 et
1039 3322 1293 3443 privilegium,
1326 3321 1428 3441 quod
1449 3353 1493 3409 su
1522 3352 1565 3410 ra
1586 3325 1668 3436 (sic)
1699 3356 1748 3424 eo
1769 3329 1982 3416 confectum

293 3533 298 3540 ,
354 3444 493 3546 habuit,
515 3440 666 3531 domino
687 3442 790 3528 fratri
809 3441 970 3530 lohanni
991 3441 1040 3527 de
1060 3442 1169 3560 equis
1189 3441 1274 3526 luco
1294 3439 1451 3555 predicti
1472 3355 1623 3527 claustri
1639 3443 1707 3546 sui,
1729 3472 1856 3528 coram
1871 3445 1982 3536 nobis

356 3563 394 3647 in
425 3572 553 3646 castro
585 3565 736 3643 Ttoron
765 3556 890 3645 denuo
921 3559 1136 3675 resignavit.
1187 3555 1231 3642 ln
1261 3556 1366 3643 cuius
1397 3557 1451 3641 rei
1481 3555 1635 3645 evidens
1666 3561 1913 3648 testimonium
1946 3580 1984 3652 et

357 3669 561 3780 cautelam,
593 3673 766 3793 sygillum
788 3689 953 3762 nostrum
975 3671 1211 3791 presentibus
1236 3687 1295 3758 est
1314 3701 1534 3792 appensum.
1576 3675 1712 3764 Testes
1734 3695 1838 3765 sunt:
1868 3681 1983 3769 frater

357 3791 558 3884 Conradus
588 3793 737 3878 Saccus
769 3790 1080 3896 (temnendam,
1112 3803 1149 3877 et
1168 3791 1283 3876 frater
1314 3791 1522 3882 Gozwinus
1545 3791 1982 3886 Vicccommendatoriu

359 3917 528 4013 litoreo,
551 3911 667 3996 frater
686 3907 926 3996 Hermannus
949 3909 1006 3995 Ca
1035 3908 1176 3996 elianus
1198 3905 1374 4026 Magistri
1394 3909 1572 4018 Prosda,
1594 3912 1706 3999 frater
1725 3911 1982 4032 Marquardus

357 4027 571 4131 Sacerdos,
600 4028 715 4113 frater
746 4025 968 4115 Walthcrus
998 3939 1205 4134 fincema,
1238 4039 1275 4114 et
1297 4029 1300 4039 ’
1320 4023 1420 4114 lores
1440 4027 1499 4144 alij
1523 4027 1662 4115 ordinis
1688 4029 1806 4116 nostri
1831 4033 1979 4122 fratres.

356 4145 449 4233 Item
464 4144 571 4262 Aper
588 4143 777 4232 Scultetus
793 4145 830 4231 in
842 4173 941 4232 nova
957 4145 1107 4232 civitate
1124 4151 1282 4240 floron,
1293 4058 1522 4232 Pll'altherus
1542 4143 1764 4253 Brascator,
1783 4147 1981 4255 lohannes

458 4392 493 4476 (¹)
520 4391 549 4458 E
563 4385 666 4456 tabula
681 4387 853 4456 authentica
866 4393 1096 4460 membranacea
1111 4395 1155 4460 ut.
1170 4391 1295 4481 Josoplri
1307 4385 1586 4477 Rusiccfi'propriu,
1608 4391 1695 4478 cujus
1710 4394 1736 4460 ε’
1760 4395 1840 4464 'llum
1855 4399 1895 4466 de
1909 4420 1979 4468 coru

358 4476 512 4545 communi
534 4474 646 4541 fectum
669 4493 789 4542 enicem
804 4473 920 4540 ordinis
931 4477 1110 4555 Teutonici,
1138 4478 1171 4542 in
1185 4495 1283 4560 ecquo
1297 4474 1395 4539 modio
1418 4484 1537 4541 scutum
1560 4495 1684 4560 parrum
1706 4501 1725 4546 o
1758 4481 1837 4564 giem
1859 4483 1980 4568 aquitae

357 4561 536 4629 Berussioae
558 4559 765 4644 praeseferens
785 4566 1013 4646 repraesentet,
1034 4566 1066 4624 et
1079 4560 1210 4628 meniota
1226 4577 1407 4656 pergameno
1422 4579 1589 4646 appensum
1604 4571 1659 4630 est.
1690 4564 1726 4630 lu
1741 4563 1979 4646 ambitu'rerbo·

358 4665 426 4712 rum
441 4644 486 4712 fra
508 4651 627 4710 mentm
647 4647 685 4721 „†
699 4643 731 4708 S.
746 4641 882 4710 conrad
890 4689 899 4708 .
909 4690 919 4708 .
929 4691 937 4707 .
948 4691 956 4706 .
968 4691 976 4708 .
986 4691 995 4708 .
1006 4690 1013 4708 .
1025 4643 1118 4709 Eum
1138 4644 1173 4708 o”
1187 4642 1422 4726 conspiciuntur.

473 4733 486 4770 ²
524 4725 611 4796 cont.
624 4728 758 4794 tabulam
773 4727 844 4796 runi
862 4727 943 4794 tuto
956 4728 1009 4796 Νιο
1023 4727 1078 4794 LX
1140 4729 1175 4792 V.
1191 4727 1396 4813 praemissum.

466 4816 485 4911 ᾗ
524 4811 679 4897 Oppidum
702 4809 833 4898 supet,
857 4812 1131 4899 aequantem
1154 4811 1379 4880 mnotctionom
1401 4811 1523 4880 tertiam
1545 4811 1583 4878 od
1599 4812 1731 4880 tabulam
1754 4815 1810 4882 ltro
1825 4817 1978 4888 LXXXV.

357 4913 564 4982 praemissam.
723 4929 733 4952 ·
1864 4921 1869 4932 ·

1775 4997 1824 5058 21*
