4780 5922
1096 795 1146 864 5-
1204 753 1275 826 rsa
1330 793 1376 807 -

424 961 641 1082 Eapropter
659 989 731 1049 nos
751 955 969 1048 Premisiins
990 972 1028 1045 et
1046 955 1254 1044 Cazimirns
1274 951 1336 1043 dei
1356 951 1488 1073 grania
1514 949 1645 1040 Duoes
1667 948 1839 1068 Cuy'avie
1858 947 2055 1043 etdomini

423 1081 656 1170 Vtadisiavie
670 1077 852 1196 ¹juvenis,
892 1075 1109 1163 memoriam
1139 1104 1270 1164 eorum
1307 1099 1381 1186 que
1414 1085 1579 1190 aguntur
1615 1098 1745 1157 eoram
1779 1067 1889 1156 nobis
1924 1065 2054 1160 baberi

424 1229 449 1288 a
479 1197 642 1318 posteris
676 1210 894 1314 perpetuam
927 1195 1147 1312 eapientem,
1184 1191 1234 1282 ad
1270 1193 1530 1280 universorum
1566 1199 1642 1276 tam
1679 1188 1908 1306 presentium
1940 1213 2054 1305 mrum

423 1320 628 1405 futurorum
661 1317 826 1402 notitiam
856 1311 1030 1402 volumus
1080 1310 1270 1414 ervenira,
1302 1325 1340 1396 et
1357 1307 1596 1427 presentibus
1616 1306 1764 1424 publice
1784 1318 2054 1426 protestamur:
2098 1309 2105 1324 “

309 1513 311 1519 .
348 1529 356 1544 ,
423 1434 544 1550 Quod
573 1435 690 1520 desno
711 1433 808 1524 ttius
830 1431 1019 1543 quondam
1049 1341 1146 1546 iupi
1177 1429 1225 1516 de
1245 1435 1413 1541 Lopr'dea
1431 1422 1666 1538 Eualenoff)
1687 1431 1763 1512 una
1784 1456 1869 1546 oum
1890 1424 2055 1543 conjuge
2175 1509 2182 1516 ,

419 1583 494 1643 sua
525 1549 676 1642 domina
708 1549 820 1638 Clara
852 1552 1041 1652 innostra
1069 1563 1360 1658 nostrorumque
1390 1545 1585 1632 Baranam
1609 1544 1798 1662 presentia
1818 1545 2055 1652 constitutus,

423 1672 546 1758 vittam
563 1701 633 1758 seu
649 1666 892 1757 hereditatem
908 1665 1099 1786 quondam
1109 1662 1448 1777 Samoerooseo(³)
1462 1664 1611 1782 vulgari
1627 1663 1777 1751 nomine
1790 1663 2055 1779 nuncupatam,

423 1790 531 1877 sitam
562 1790 598 1876 in
619 1789 806 1876 territorio
826 1782 1157 1904 Wyssegrodensi
1178 1813 1263 1871 eum
1283 1783 1400 1871 tribus
1421 1781 1600 1888 lacubus,
1630 1781 1803 1869 videlicet
1821 1783 1995 1894 Prepttno
2017 1781 2054 1892 (t

309 1985 316 2009 ,
416 1906 593 1994 -Kremno
614 1905 650 2016 t)
671 1911 844 2008 Seterne,
865 1911 994 2017 Byote,
1015 1932 1091 2020 que
1111 1901 1300 1990 hereditas
1321 1900 1370 1989 ad
1386 1900 1546 2008 eaodem
1561 1901 1762 2019 coniugem
1779 1928 1886 1986 suam
1901 1897 2055 1985 racione

318 2062 334 2142 p
412 2024 523 2112 dotis
554 2023 784 2142 pertinebat,
820 2053 904 2110 oum
936 2021 1107 2139 ejusdem
1137 2049 1206 2106 sue
1237 2022 1411 2140 conjugis
1441 2019 1543 2106 bona
1573 2018 1763 2111 voluntate¹
1795 2031 1831 2104 et
1850 2043 2054 2121 consensu,

416 2141 615 2277 religiosis
640 2143 730 2229 viris
757 2139 873 2254 B.(⁴t
904 2140 1044 2228 Abbati
1074 2151 1114 2223 et
1131 2139 1305 2226 tratribus
1326 2137 1462 2225 domus
1486 2136 1757 2254 Byssoviensis
1780 2133 2055 2253 Gysteraiensis

424 2259 567 2348 ordinis
580 2255 752 2347 'vendidit
767 2289 838 2378 pro
854 2259 1093 2378 septuaginta
1109 2258 1247 2345 mareis
1264 2255 1514 2363 denariorum,
1534 2269 1575 2342 et
1588 2255 1797 2376 resignavit
1809 2253 2054 2345 hereditatem

415 2379 604 2498 prefatam
627 2405 757 2466 coram
778 2378 887 2467 nobis
908 2377 1018 2464 dietis
1042 2374 1181 2465 Abbati
1208 2391 1246 2462 et
1264 2373 1439 2463 tratribus
1459 2377 1676 2462 memoratis
1696 2388 1744 2462 ao
1765 2371 1893 2462 domui
1911 2401 2058 2478 eorum,-

421 2523 509 2583 oum
530 2495 703 2609 omnibus
716 2496 865 2613 juribus
886 2523 934 2583 ae
976 2494 1191 2610 ertinenoijs
1210 2495 1300 2599 suis,
1322 2491 1530 2581 seeundum
1552 2493 1654 2613 quod
1674 2505 1735 2581 est
1752 2494 1789 2580 in
1801 2493 1970 2581 'terminis
1986 2517 2054 2578 seu

424 2611 589 2732 gadibus
620 2615 700 2700 suis
730 2613 931 2726 antiquitus
949 2525 1125 2718 iimitem,
1156 2639 1240 2697 oum
1263 2612 1435 2708 omnibus
1456 2612 1575 2734 roiam
1596 2639 1645 2698 ao
1664 2611 1822 2732 singuiis
1842 2609 2055 2698 autumus

424 2745 462 2816 et
486 2730 665 2817 fructibus
695 2759 796 2832 nuno
824 2733 983 2849 repertis
998 2746 1050 2819 et
1079 2725 1295 2816 infuturum
1322 2727 1556 2848 reperiendis
1581 2727 1737 2834 ibidem,
1767 2727 1893 2847 agris,
1913 2727 2053 2845 'pratis

424 2847 554 2964 sylvis,
575 2849 741 2966 pascuis,
762 2843 1071 2960 aquistaoribus,
1092 2845 1216 2955 nauto,
1239 2845 1441 2966 meltifieijs,
1460 2846 1759 2964 piseationibus,
1769 2843 2055 2946 venationibus,

417 2966 684 3080 universisque
723 2966 806 3083 alijs
846 2963 1062 3057 utilitatibus
1101 2980 1140 3052 et
1174 2966 1418 3085 proventibus
1450 2969 1538 3170 l'ppre
1573 2962 1798 3052 hereditario
1832 2961 2055 3082 inperpetuo
2182 2983 2201 3041 ·'

424 3084 646 3190 tenendam,
677 3081 890 3171 habendam
910 3111 959 3170 ao
979 3085 1098 3172 aniam
1116 3083 1399 3200 possidendam.
1490 3111 1534 3170 os
1554 3085 1670 3220 igitur
1683 3083 1857 3200 ipsorum
1877 3077 2055 3170 Jesoonis

348 3203 353 3216 '
424 3199 706 3306 vendicionem,
737 3215 776 3287 et
805 3199 964 3289 Abbatis
989 3231 1042 3288 ao
1061 3217 1271 3290 conventus
1301 3202 1535 3320 empcionem
1564 3233 1603 3288 m
1624 3199 1808 3289 universis
1838 3212 1877 3287 et
1895 3197 2055 3320 singuiis

417 3333 558 3438 ,gratas
579 3318 762 3408 habentes
783 3332 820 3406 et
839 3335 963 3424 ratas,
994 3349 1063 3408 eas
1082 3318 1235 3408 domino
1256 3317 1396 3408 Abbati
1418 3335 1454 3408 et
1474 3320 1647 3408 iratribus
1669 3318 1870 3408 monasteri
1904 3317 2053 3435 Bysso·

418 3437 564 3526 vieusis
590 3467 676 3524 oum
699 3437 798 3526 omni
811 3437 899 3555 jure
917 3467 967 3524 ao
981 3435 1124 3555 judioio
1145 3452 1278 3526 nostro
1297 3437 1535 3556 presentibus
1556 3433 1833 3525 consumamus.
1865 3348 1968 3524 iixu‘

313 3669 320 3678 .
425 3555 536 3640 etiam
558 3569 595 3642 et
614 3556 754 3644 liberos
773 3556 930 3645 tacimus
950 3557 1096 3646 meotes
1117 3556 1217 3646 diute
1232 3557 1315 3646 vilte
1331 3557 1379 3644 ab
1396 3556 1568 3645 omnibus
1584 3555 1753 3673 servieijs
1769 3551 2054 3674 pneumatibus,

341 3739 343 3744 -
426 3699 451 3758 a
463 3681 629 3786 prevod,
661 3702 845 3787 apouoz,
875 3681 1012 3777 arbor,
1043 3681 1202 3779 wirnetb,
1233 3693 1410 3777 nortona,
1441 3680 1610 3776 verneio,
1638 3703 1663 3761 a
1690 3707 1827 3777 noros,
1851 3675 1883 3761 'a
1904 3691 2053 3772 mortue,

425 3969 911 4054 Prmrirtatetssrrimiriltuoum
923 3971 1160 4060 dgittnimigoo
1173 3973 1219 4042 Co
1251 3973 1363 4053 visuris
1372 3973 1800 4062 proriprioeprreaeterantia,
1813 3973 2055 4055 todovb'otrrtr'r

426 4057 529 4122 sericis
543 4057 654 4122 eoloris
669 4053 756 4123 rubei
770 4066 801 4124 et
815 4055 917 4124 viridis
932 4077 1065 4140 appensa
1080 4079 1148 4124 esse
1160 4067 1208 4124 tra
1229 4058 1292 4124 idit.
1929 4098 1936 4108 ·

423 4165 466 4211 :²
516 4141 562 4222 ¹1²>
580 4141 1088 4239 oneratutotutttttxxtx.
1104 4143 1310 4230 praemittunt.
1331 4142 1869 4230 anmutionemuorrbnrmooou
1945 4142 2055 4222 otatio-

426 4245 498 4297 nem*
508 4244 696 4391 vdingdusd
722 4236 849 4378 apppepp
862 4285 960 4380 vittam
972 4310 1050 4380 bono
1082 4285 1244 4380 ortioentes
1259 4299 1283 4378 ii
1294 4309 1366 4378 mibi
1381 4333 1447 4400 esar
1462 4308 1620 4380 videantur
1634 4311 1739 4396 (Brute,
1755 4267 1873 4378 Gromr
1886 4257 1919 4379 et
1932 4262 2053 4378 uriam

424 4391 492 4477 no),
514 4413 603 4542 quosk
616 4394 796 4542 Dpugossrua
818 4396 915 4494 (1328,
931 4397 981 4480 29)
991 4397 1028 4495 'in
1071 4395 1199 4494 ulmensj
1214 4397 1369 4496 territorip
1384 4397 1458 4463 sitos
1473 4417 1540 4465 esse
1554 4397 1696 4497 tradidit,
1718 4397 1805 4466 tacite
1821 4407 1852 4496 et
1867 4395 2054 4495 vittamnotim

424 4477 1336 4732 prvtpptffip‘pffiffiadff
1350 4480 1941 4677 it'ddtdibt'rbAdfdj‘tbb'ss‘dd
1954 4479 2057 4677 bib

528 4728 561 4816 (⁴)
591 4671 638 4796 iu
661 4731 805 4828 bertoldo
827 4667 948 4798 Abbirte
969 4670 1159 4833 tiyszdvienii
1177 4731 1227 4800 bin
1248 4687 1460 4836 agi,rninima
1483 4734 1685 4834 dubitandum
1708 4743 1773 4834 est;
1795 4733 1948 4822 siquidem
1971 4694 2055 4832 iltuin

425 4813 700 4968 zgffigiffi
710 4815 1356 4968 Qpffiggfflmggenffitffleimfmm’
1376 4819 1480 4929 tabutr
1495 4819 1534 4886 ab
1550 4819 1658 4887 bodam
1673 4819 1811 4890 Duabus
1823 4817 1964 4906 protenta
1979 4825 2011 4928 et
2024 4837 2055 4883 ro
2204 4865 2207 4870 -
