4780 5922
973 743 1283 848 ¹-eor-

331 944 525 1032 scultetum
548 956 732 1044 nostrum,
765 972 879 1059 super
909 946 1102 1059 premissis
1133 944 1379 1034 redderemus
1411 944 1547 1032 deindo
1571 949 1694 1067 magis
1715 950 1962 1052 consolatum,

330 1062 399 1152 sibi
431 1075 467 1148 et
487 1059 562 1148 filio
583 1060 665 1174 ejus
685 1059 852 1178 legitimo
882 1061 1019 1149 ioanni
1045 1079 1288 1150 memoratam
1320 1064 1536 1150 scuiteciam
1568 1065 1843 1154 inscribendam
1875 1100 1963 1156 esse

330 1177 673 1289 decernimos(sic),
695 1191 807 1292 prout
827 1195 863 1265 et
879 1179 1123 1266 inscribimus.
1155 1182 1484 1293 Promittimosque
1506 1183 1542 1268 in
1563 1183 1682 1269 verbo
1703 1198 1833 1270 nostro
1855 1189 1962 1306 regio

244 1315 250 1326 '
328 1286 577 1415 presentibus,
598 1295 700 1406 quod
721 1287 840 1414 ipsum
863 1297 999 1405 Adam,
1024 1301 1181 1416 ejusque
1201 1299 1312 1384 tilium
1333 1298 1518 1386 Joannem
1540 1331 1892 1418 supraexpressum,
1914 1304 1963 1389 de

323 1416 509 1505 scultecia
530 1415 692 1534 pretate,
714 1414 890 1527 quamdiu
911 1429 1067 1528 uterque
1088 1418 1253 1534 ipsorum
1275 1419 1408 1504 vixerit
1428 1420 1463 1504 in
1485 1417 1676 1524 humanis,
1708 1421 1842 1506 nemini
1863 1419 1962 1506 redi·
2065 1499 2067 1511 .

329 1565 443 1642 mere¹
464 1535 770 1640 consenciamus,
802 1565 924 1654 oeque
945 1565 1194 1624 successores
1216 1537 1334 1625 nostri
1355 1536 1617 1628 consencient:
1650 1536 1830 1624 duntaxat
1854 1539 1963 1626 nobis

279 1657 284 1663 “
330 1666 367 1739 et
387 1651 677 1739 successoribus
700 1652 858 1758 nostris,
890 1684 959 1770 pro
992 1684 1123 1740 mensa
1153 1684 1222 1741 sua
1253 1655 1382 1772 regia,
1414 1657 1574 1772 proprijs
1605 1655 1774 1773 pecunijs
1806 1655 1962 1744 eosdem

327 1769 535 1861 redimendi
554 1770 768 1869 facultatem
790 1769 1051 1880 reseruamoS,
1082 1773 1319 1890 presencium
1340 1784 1471 1860 tenore
1492 1771 1699 1860 mediante:
1725 1773 1873 1890 juribus
1894 1803 1963 1860 no-

329 1889 416 1980 stris
435 1888 629 2008 regalibus
650 1919 720 2005 per
741 1888 863 1977 omnia
885 1921 1035 2007 semper
1055 1889 1182 1977 saluis.
1221 1887 1265 1978 In
1286 1891 1395 2007 cujus
1415 1890 1470 1977 rei
1490 1905 1561 1978 etc.
1601 1890 1739 1980 Actum
1758 1895 1964 1980 Orocooore
2077 1985 2082 1994 ,

328 2008 421 2096 feria
441 2007 556 2094 tercia
577 2007 614 2093 in
635 2007 761 2126 vigilia
783 2007 913 2120 Sancti
932 2007 1143 2126 Laureocij,
1166 2037 1267 2097 anno
1289 2008 1428 2097 domini
1445 2008 1640 2097 millesimo
1663 2011 1963 2130 quingentesimo

328 2127 534 2246 trigesimo,
554 2123 682 2246 Regni
703 2156 796 2214 vero
817 2127 936 2214 nostri
956 2117 1056 2220 annu
1077 2129 1263 2247 vigesimo
1286 2142 1431 2246 quarto.
1476 2128 1722 2216 Presentibos
1742 2122 1963 2215 reuerendis

282 2271 288 2284 ·
328 2246 367 2332 in
399 2243 549 2332 Cbristo
580 2241 747 2362 patribus
783 2241 962 2333 dominis:
1003 2246 1120 2334 Petro
1157 2245 1205 2330 de
1245 2251 1434 2333 mommo
1471 2245 1736 2350 Craeoviensis
1767 2261 1805 2334 et
1834 2243 1964 2364 Regni
2044 2241 2050 2261 ‘
2183 2345 2188 2354 ¹

328 2363 447 2452 nostri
477 2359 823 2466 Vicecanoeliario,
858 2393 906 2450 oo
934 2364 1083 2452 Joanne
1120 2362 1371 2466 Camkowski
1406 2355 1682 2451 Piemisliensis
1716 2364 1962 2450 ecclesiarum

327 2477 552 2602 Episcopis3
584 2511 655 2567 nec
676 2506 752 2570 non
772 2479 995 2600 magnificis,
1017 2481 1218 2602 generosis
1239 2496 1276 2568 et
1297 2478 1587 2572 venerabilibus:
1620 2479 1893 2599 Christopboro
1915 2479 1964 2570 de
2017 2521 2020 2533 ,

328 2603 592 2687 Sotidtowiecz
614 2598 828 2704 Castaliono
851 2614 888 2688 et
910 2600 1117 2717 Capitaneo
1142 2597 1320 2687 Generali
1342 2600 1607 2703 Cracouiensi,
1629 2629 1676 2686 ac
1698 2598 1824 2719 Regni
1844 2599 1965 2686 nostri

330 2715 588 2824 Cauceilario,
629 2733 704 2803 tum
740 2722 969 2820 Siradrcrwi,
1010 2723 1333 2817 Socbaozouieosi,
1373 2722 1604 2818 Gostmeasi,
1645 2713 1759 2804 Noua
1795 2715 1964 2804 Ciuitatis

300 2877 303 2892 ·
332 2841 491 2926 Corczin
521 2849 559 2924 et
577 2840 801 2922 Lucooiensi
818 2849 889 2923 etc.
939 2835 1161 2954 Capitaneo,
1182 2833 1342 2925 Nicolao
1364 2833 1414 2924 de
1434 2835 1566 2925 eadem
1587 2839 1851 2922 Soteittowiecz
1871 2835 1963 2954 ger'·

329 2949 449 3042 manis
472 2953 689 3041 castellano
712 2952 1030 3062 Sandomiriensi,
1062 2971 1097 3043 et
1117 2951 1247 3073 Regni
1267 2955 1386 3043 nostri
1406 2955 1682 3060 Tbezaurario,
1714 2959 1963 3054 aaronem,

333 3077 551 3174 Olstrircosi,
587 3075 835 3184 Crzepiceosi,
871 3077 1204 3174 Osswiaczrineosi,
1235 3079 1454 3162 Zotoricosi
1470 3088 1540 3160 eto.
1561 3071 1780 3189 Capitaneo‚
1802 3068 1962 3160 Nicolao

329 3184 484 3281 Wolski
504 3188 724 3279 Castaliano
745 3193 1082 3294 Socraczowaest,
1112 3195 1337 3294 Saooceosi,
1365 3194 1711 3292 Lanczlcorooensi,
1741 3195 1910 3278 i'r'sncosi
1927 3204 1996 3276 et'
2054 3281 2058 3288 ,

328 3297 526 3398 Lomzcrrsi
552 3307 606 3396 Co
636 3309 779 3415 itaneo,
812 3323 849 3396 et
875 3310 1126 3418 serenissime
1151 3309 1303 3418 domina
1328 3307 1442 3418 Bone
1464 3309 1637 3428 conjugis
1657 3321 1812 3397 nostrae
1832 3327 1968 3422 aman·

330 3429 493 3534 tissime,
528 3456 576 3514 ac
606 3339 723 3516 Retro
754 3425 791 3516 Ο
819 3427 963 3516 alenski
995 3435 1186 3514 Laodemi
1214 3427 1451 3532 Casteilaoo,
1488 3443 1532 3512 et
1556 3425 1794 3512 Serenissimi
1825 3423 1964 3512 domini

789 3459 914 3662 Regis
945 3545 1130 3633 Potoniae
1151 3559 1222 3631 etc.
1243 3543 1307 3632 liiii
1327 3544 1445 3630 nostri
1466 3541 1675 3630 charissimi
1702 3539 1815 3647 Coria
1836 3539 1962 3659 Magi-

329 3543 560 3680 Sigismundi
592 3543 759 3632 Secundi

329 3677 437 3766 stns,
467 3662 617 3751 Joanne
639 3658 855 3779 Cboyebski
875 3662 1149 3768 Poznaniensi,
1180 3660 1462 3750 archidiacono
1483 3659 1748 3763 Cracouieosi,
1778 3671 1816 3746 et
1840 3658 1964 3748 Paulo

329 3780 378 3870 de
403 3785 573 3870 Crassow
596 3781 757 3876 omnium
779 3795 996 3868 sanctorum
1021 3781 1266 3870 Cracoviensi
1287 3781 1509 3898 prepositis,
1534 3795 1573 3868 et
1592 3775 1794 3868 Canonicis
1819 3775 1963 3865 Craco·

329 3900 538 4003 aiensibus,
563 3899 787 4020 Secretarijs
808 3900 965 4006 nostris,
988 3914 1025 3986 et
1045 3899 1127 4017 aiijs
1149 3930 1261 4019 quam
1281 3891 1446 4017 plurimis
1466 3897 1513 3986 Di
1544 3896 1697 4013 nitarijs,
1718 3893 1963 4004 Officiatibus,

292 4081 296 4090 -
330 4014 555 4136 Secretarijs
587 4033 623 4107 et
653 4016 796 4105 Aoiicis
827 4019 967 4108 nostris
994 4017 1258 4141 advpremissa
1279 4017 1455 4124 testibus,
1486 3930 1563 4104 uie
1583 4014 1728 4217 dpgnis,
1759 4011 1905 4102 sincere
1927 4028 1965 4100 et

329 4134 502 4223 fidelibus
522 4136 662 4224 nostris
683 4135 838 4224 dilectis.
893 4137 1031 4224 Datum
1055 4168 1126 4254 per
1154 4168 1287 4224 manus
1313 4135 1445 4253 prefati
1476 4133 1541 4220 Ma
1575 4133 1608 4219 ni
1624 4131 1670 4218 roi
1703 4129 1964 4251 Christopbori

196 4365 205 4378 ¹
331 4249 379 4342 de
398 4257 664 4340 Sctz'dtocoiecz
685 4252 886 4340 Castetiani
907 4268 943 4341 et
967 4253 1162 4371 Capitonei
1183 4252 1449 4343 Cracoviensis
1469 4249 1518 4340 R.
1541 4163 1584 4338 R.
1606 4247 1840 4366 Cancellurij.

432 4370 591 4460 Relacio
619 4369 788 4489 ,ejusdem
818 4365 883 4457 Ma
915 4371 1014 4460 nitici
1048 4369 1310 4492 Christophori
1331 4369 1379 4458 de
1400 4367 1677 4460 Schidiowiecz
1701 4367 1905 4457 Castellaoi
1925 4381 1963 4456 et
2088 4433 2095 4448 ,

332 4490 524 4610 Capitonei
546 4481 812 4578 Cracovien'sis
833 4487 880 4578 R.
938 4555 947 4574 .
972 4489 1205 4612 Canceitarij.
