4934 5940
1104 739 1373 872 .-4-

435 1003 654 1109 Poloniam,
685 1032 769 1090 eum
791 999 999 1089 necessitas
1019 1002 1172 1087 lratrum
1194 997 1380 1116 exegerit,
1412 1009 1487 1083 tam
1508 1012 1706 1115 equestres
1727 1017 1838 1117 quam
1858 983 2068 1117 pedestres¹

355 1202 358 1208 .
433 1121 752 1208 mandataeorum
765 1118 938 1235 dirigere.
958 1117 1242 1204 lndolsiteciam
1259 1130 1300 1201 ut
1315 1117 1524 1231 piscatores
1541 1130 1578 1202 et
1590 1131 1793 1204 venatores
1803 1120 2055 1233 predictorum
2129 1211 2135 1220 ,

416 1239 598 1342 'datram
618 1239 828 1354 piscatores
844 1248 881 1320 et
895 1250 1096 1321 venatores
1118 1265 1211 1321 suos
1232 1263 1279 1319 ac
1300 1249 1534 1347 posterorum
1551 1263 1705 1320 suorum
1721 1235 1855 1351 ubique
1871 1238 2055 1351 piscando

433 1369 472 1442 et
498 1355 673 1444 venando
701 1355 816 1439 libere
843 1365 1058 1471 sequantur.
1112 1351 1225 1437 Dedit
1257 1352 1375 1436 eciam
1402 1349 1452 1436 ad
1479 1351 1616 1435 lumina
1643 1353 1875 1469 acquirenda
1901 1357 2055 1469 prelatis

359 1551 365 1564 .
431 1472 608 1560 fratribus
628 1473 697 1555 tn’a
718 1472 800 1556 lora
820 1500 905 1556 cum
927 1471 1108 1573 tabernis,
1136 1467 1327 1554 videlicet:
1363 1473 1472 1567 Gleu,
1496 1473 1605 1568 Tiar,
1631 1465 1886 1580 Soooctalffl).
1927 1471 2056 1562 Voluit

314 1657 327 1684 .
432 1592 554 1696 eciam
577 1589 812 1680 tabernarios
833 1587 1084 1704 predictarum
1105 1586 1273 1671 villarum
1295 1613 1480 1718 nusquam
1501 1586 1624 1690 citari,
1652 1586 1721 1670 nisi
1734 1617 1871 1672 coram
1892 1588 2053 1676 Abbate.

221 2006 392 2056 lsi

433 1705 534 1820 Quia
569 1735 662 1797 vero
699 1704 837 1791 donum
868 1704 941 1791 deo
973 1706 1145 1790 collatum
1176 1703 1323 1820 legibus
1353 1705 1560 1818 principum
1589 1703 1786 1789 subiacere
1815 1736 1890 1790 non
1921 1706 2053 1811 debet,

430 1821 593 1913 absolvit
613 1851 744 1908 omnes
767 1823 936 1908 homines
957 1823 992 1907 in
1012 1822 1206 1938 premissis
1228 1819 1321 1904 villis
1342 1835 1637 1926 commorantes,
1665 1850 1688 1905 a
1706 1853 1852 1932 pomos,
1884 1822 1933 1908 ab
1955 1827 2054 1910 omni

425 1957 591 2053 prcwot,
619 1957 803 2041 astroso,
831 1950 966 2041 adon,
996 1973 1134 2039 noroz,
1150 1957 1386 2050 potoorove,
1416 1956 1586 2050 turpeve,
1614 1956 1770 2036 mortno,
1799 1956 2053 2028 acastrorum

431 2055 581 2143 edilrcio
610 2088 678 2143 seu
707 2057 1172 2174 poncium'quorumlibet,
1203 2055 1471 2169 arecepcione
1491 2055 1551 2146 vei
1574 2053 1745 2139 custodia
1771 2067 1837 2139 ant
1864 2057 2054 2144 conductu

430 2174 736 2279 castorariorom,
753 2175 958 2260 aeustodia
975 2189 1011 2259 et
1027 2174 1220 2259 solucione
1235 2171 1458 2275 erodiorum,
1477 2170 1578 2305 quod
1594 2179 1704 2254 solsol
1715 2171 1857 2277 dicitur,
1874 2175 2051 2280 avicinia,

428 2289 533 2408 quod
555 2299 661 2402 opole
681 2291 814 2376 dicitur
834 2291 1107 2404 wlgariter,'ab
1129 2290 1228 2377 omni
1249 2289 1454 2375 exaccione
1475 2320 1554 2374 sive
1575 2289 1822 2394 callaeciam,
1844 2321 1865 2375 a
1887 2292 2052 2379 vecturis

428 2419 466 2490 et
486 2408 804 2522 expedicionibuS,
826 2423 862 2492 et
883 2408 932 2491 ab
954 2408 1124 2494 omnibus
1146 2407 1285 2492 iuribus
1306 2408 1342 2492 in
1362 2407 1522 2492 Polonia
1543 2407 1752 2492 constitutis
1768 2408 2052 2526 quibuscunque

427 2536 654 2608 censeantur
681 2523 902 2608 nominibus.
953 2520 1051 2607 Nulli
1079 2552 1175 2638 ergo
1208 2521 1508 2634 Castellanorum
1538 2539 1602 2606 aut
1629 2524 1791 2605 iudicum
1820 2523 1954 2608 citandi
1982 2555 2051 2610 seu

427 2638 614 2725 iudicandi
634 2641 671 2724 in
691 2639 843 2755 prelatis
864 2638 1074 2726 bominibus
1094 2636 1268 2727 velvillis
1290 2666 1420 2723 eorum
1441 2637 1498 2722 ius
1519 2635 1671 2754 aliquod
1692 2665 1905 2723 reservans.

529 2887 584 2970 (Π)
612 2886 674 2950 Pro
691 2885 772 2950 Glew
788 2885 871 2972 quod
888 2886 918 2950 in
932 2884 989 2950 hac
1005 2885 1156 2969 provincia
1172 2907 1233 2950 oon
1248 2891 1359 2960 exstat,
1380 2904 1491 2969 pagum
1508 2871 1649 2948 Gtowr'ew
1664 2882 1826 2968 parochiae
1845 2883 2048 2954 llucbarensis
2132 2945 2136 2953 .

428 2967 458 3035 in
473 2971 644 3056 propinquo
660 2991 805 3054 pagorum
829 2972 944 3049 nzgow
964 2978 996 3036 et
1015 2969 1195 3034 Grabienice
1209 2971 1318 3044 situm,
1341 2967 1565 3051 intelligendum
1581 2988 1648 3034 esse
1663 2977 1747 3052 puio.
1784 2969 1871 3054 Tory
1886 2971 1964 3034 duaa
1979 2980 2050 3036 sunt

426 3054 513 3119 villae
528 3053 688 3134 parochiae
707 3055 950 3138 llrzymouensis
967 3053 998 3118 in
1014 3053 1177 3124 Ccuinensi
1194 3055 1326 3137 regiona.
1364 3051 1493 3116 Sobotlro
1509 3071 1603 3135 pagus
1619 3051 1779 3128 parochiae
1794 3052 2002 3120 Cbelmnensis
2018 3057 2049 3120 in
2189 3053 2192 3064 '

423 3137 551 3226 regione
565 3137 691 3204 finitima
707 3138 893 3204 lanciciensi
907 3160 968 3203 non
983 3136 1073 3222 longa
1087 3137 1126 3203 ab
1141 3137 1257 3224 oppido
1275 3137 1518 3220 Wladpsluwdw
1533 3135 1636 3202 distat.

1207 3447 1266 3560 ll.

1064 3676 1225 3757 anno
1250 3616 1404 3757 msa.

422 3837 591 3930 malint
605 3839 730 3934 quidam
744 3844 874 3912 rudore
889 3840 1104 3932 simpulsare
1118 3842 1238 3912 toarno
1251 3840 1490 3940 uciimisoopo
1505 3840 1687 3929 massensi,
1701 3847 1866 3938 praesento
1876 3841 2041 3915 -lsotsluo

422 3941 602 4031 conomius
624 3941 714 4030 Sane,
735 3941 869 4034 principe
883 3940 1027 4012 isiodus
1049 3941 1187 4034 iiajorir,
1210 3941 1392 4013 coenobium
1414 3939 1661 4014 distrrciomiun
1675 3943 1707 4014 in
1720 3943 1796 4016 vitia
1810 3945 1910 4010 teano
1924 3943 2043 4032 madal,

527 4041 616 4134 atqua
631 4059 648 4113 o
662 4027 846 4134 psalmodio
864 4059 922 4113 suo
937 4041 1031 4116 uillas
1045 4041 1201 4128 Itqretsto,
1223 4042 1404 4119 Straszeoo,
1426 4043 1601 4130 Paniprodz
1616 4046 1650 4115 st
1664 4045 1765 4110 Letoa
1780 4043 1878 4116 iuuat
1892 4046 1942 4132 (¹).

520 4227 563 4312 ln
579 4229 728 4314 nomine
743 4235 876 4334 sancti
892 4244 930 4314 et
945 4227 1134 4333 individue
1151 4230 1329 4315 trinitatis.
1351 4227 1491 4316 Notum
1508 4233 1555 4316 sit
1569 4231 1741 4318 omnibus
1757 4231 1952 4318 catholicis
1967 4249 2042 4318 tam

419 4345 528 4430 luturi
550 4373 661 4462 quam
683 4347 866 4459 presentis
887 4346 1075 4459 temporis.
1115 4343 1327 4431 Honestum
1354 4331 1415 4431 ac'
1430 4348 1579 4440 beatum
1606 4361 1754 4433 constat
1785 4379 1883 4434 esse·
1902 4361 2041 4452 votum,

419 4461 530 4547 immo
560 4477 732 4547 sanctum
762 4491 810 4546 ac
839 4460 1025 4547 laudabile
1053 4476 1154 4577 patet
1180 4493 1267 4547 esse
1295 4467 1575 4570 commercium,
1608 4464 1700 4549 dare
1728 4493 1798 4549 sna
1829 4465 2042 4550 transitoria

420 4593 457 4666 et
485 4580 656 4694 recipere
685 4607 756 4693 pro
786 4576 844 4663 bis
874 4592 1022 4682 eterna,
1058 4593 1205 4664 terrena
1233 4578 1303 4665 sibi
1331 4578 1547 4695 displicere,
1579 4597 1616 4667 et
1645 4578 1799 4666 celestia
1827 4580 2038 4696 possidere.

518 4825 558 4908 (¹)
587 4825 779 4907 Descriptum
794 4848 832 4892 er
846 4803 1010 4912 archetypo
1025 4827 1271 4901 mambranaceo,
1286 4827 1368 4911 quod
1385 4826 1555 4892 Posnaniae
1570 4826 1600 4890 in
1615 4826 1798 4894 bibliotheca
1813 4827 2051 4913 llaczyilsliana⁸

418 4917 595 4976 asserimur.
631 4909 768 4995 Sigillum
784 4933 801 4978 a
816 4911 933 4996 vulgari
948 4933 1016 4978 cera
1030 4911 1099 4977 llari
1115 4912 1224 4977 coloris
1239 4911 1388 4990 effictum,
1410 4911 1441 4975 in
1456 4930 1533 4995 quo,
1562 4911 1645 4996 quod
1659 4919 1820 4978 exaratum
1832 4911 1946 4992 luerat,
1960 4931 2041 4978 nune
