4800 5942
986 757 1030 770 -
1087 715 1162 790 eos
1217 753 1262 768 --
1352 663 1366 674 ⁵

310 919 514 1009 Castellani
536 917 808 1006 Poznaniensis
829 917 865 1005 in
883 917 1095 1036 quingentis
1117 918 1237 1006 ninus
1258 914 1390 1004 decem
1411 917 1561 1019 marcis,
1583 930 1731 1002 monete
1753 929 1790 1004 et
1804 919 1948 1007 numeri

224 1077 226 1085 ·
310 1035 862 1157 polonicaliunr,quadraginta
884 1049 973 1122 neto
994 1063 1158 1152 grossos
1179 1037 1397 1121 inmercum
1418 1031 1834 1149 computandonostro
1856 1065 1949 1124 con-

308 1187 424 1246 sensu
449 1169 487 1242 et
505 1153 696 1240 voluntate
716 1153 887 1240 liberauit
908 1167 945 1238 et
965 1153 1118 1238 exemit:
1150 1150 1341 1256 dedimus,
1372 1151 1607 1254 donauimus,
1633 1155 1840 1269 tenoreque
1861 1183 1948 1270 pro·

309 1274 477 1362 senoiurn
493 1270 638 1384 damus,
659 1269 858 1376 donamus3
878 1272 969 1356 etin
986 1267 1095 1354 dictis
1118 1271 1329 1386 quingentis
1347 1271 1468 1354 minus
1485 1266 1616 1354 decem
1637 1269 1785 1372 marcis
1803 1271 1951 1358 numeri

310 1406 347 1478 et
366 1404 516 1476 monete
537 1387 812 1506 predictorum,
843 1385 894 1474 ad
915 1402 1086 1502 tempora
1108 1386 1182 1470 v'ite
1204 1417 1273 1472 sue
1294 1386 1419 1471 ultima
1452 1398 1490 1469 et
1515 1398 1681 1472 extrema
1714 1386 1951 1476 inscribimus

312 1523 351 1595 et
371 1507 561 1626 largimur,
582 1535 667 1592 curn
690 1506 863 1592 omnibus
884 1519 920 1590 et
940 1503 1100 1622 singulis
1121 1504 1350 1606 utilitatibus,
1369 1501 1560 1608 fructibus,
1587 1500 1950 1608 redditibus-censi·

311 1627 405 1731 bus,
437 1624 562 1741 agris,
591 1624 719 1740 prebe,
742 1622 895 1739 campis,
915 1621 1050 1726 borris,
1072 1620 1186 1722 siluis,
1206 1621 1433 1725 nemoribus,
1454 1621 1573 1731 aquis,
1595 1619 1765 1726 lacubus,
1786 1621 1952 1740 piscinis,

312 1742 535 1860 piscaturis,
567 1739 789 1830 molendinis
811 1755 849 1826 et
868 1742 1035 1857 ipsorum
1058 1739 1312 1843 emolimentis,
1333 1737 1544 1854 paludibus,
1566 1737 1758 1854 mellificijs
1780 1753 1817 1824 et
1836 1769 1952 1858 gene-

311 1860 442 1947 raliter
473 1888 558 1946 curn
590 1858 689 1944 omni
713 1860 800 1976 jure
832 1871 870 1942 et
900 1856 1064 1944 dominio
1095 1856 1300 1962 tenendas,
1331 1855 1548 1960 habendas,
1579 1855 1809 1942 utilruendas
1841 1873 1877 1944 et
1901 1855 1953 1944 ad
2008 1953 2017 1958 ,
2085 1901 2088 1906 ·

311 1990 482 2094 tempora
502 1977 577 2061 vite
597 1977 824 2080 sue'ultitna,
844 1991 885 2062 ut
904 1971 1098 2091 prefertur,
1122 1973 1388 2090 possidendae.
1433 1974 1530 2061 Post
1550 1987 1707 2081 mortem
1728 2004 1819 2062 vero
1834 1975 1952 2091 ipsius

312 2106 352 2182 et
382 2095 541 2198 obitum,
572 2121 821 2180 successores
851 2093 954 2180 Petri
979 2091 1138 2208 predicti
1171 2092 1373 2180 Castellani
1405 2091 1662 2196 Gneznensis,
1694 2089 1814 2179 dietas
1845 2091 1952 2182 villas

314 2215 461 2299 Grosuo
495 2226 533 2298 et
562 2218 692 2316 chno
724 2211 905 2297 tenebunt
933 2210 1092 2326 pacifice
1122 2226 1157 2296 et
1184 2209 1432 2326 possidebunt
1452 2209 1612 2313 tamdiu,
1643 2235 1842 2320 quousque
1860 2211 1953 2327 ipsis

314 2361 383 2446 per
408 2360 478 2416 nos
500 2330 559 2416 vel
581 2357 829 2415 successores
850 2341 1023 2430 nostros,
1055 2327 1154 2414 dicte
1172 2329 1379 2445 quingente
1399 2328 1521 2413 minus
1542 2326 1675 2414 decern
1695 2329 1834 2414 rnarcis
1856 2327 1951 2438 (sic),

317 2449 460 2562 nunteri
481 2459 521 2532 et
539 2461 689 2532 monete
709 2444 975 2561 predictorum,
1001 2444 1165 2561 plenarie
1186 2459 1223 2530 et
1243 2475 1290 2530 ex
1312 2457 1389 2532 toto
1411 2444 1544 2532 luerint
1562 2441 1762 2560 persoluta.
1804 2443 1953 2556 Quibus
2024 2539 2038 2568 ι

255 2604 260 2613 ·
318 2565 520 2669 exsolutis,
552 2563 733 2650 dictarum
766 2563 935 2648 villarum
965 2565 1142 2678 posessio
1174 2562 1256 2672 (sic)
1287 2560 1336 2647 ad
1369 2591 1444 2648 nos
1470 2575 1508 2648 et
1526 2590 1777 2648 successores
1798 2578 1953 2650 neuros

315 2680 479 2770 reddibit
498 2681 593 2793 (sio),
614 2693 651 2766 et
669 2693 880 2766 reuertatur
899 2678 1012 2794 pleno
1027 2680 1125 2795 jure.
1168 2678 1569 2764 Stccionibus'nostris
1590 2678 1707 2764 solitis
1727 2679 1953 2766 in.ornnibus

122 2810 129 2818 '
173 2815 178 2820 ’
250 2815 253 2867 3
311 2829 470 2916 sernper
490 2798 639 2884 saluiss
673 2796 839 2901 Harum,
872 2795 1006 2908 quibus
1027 2796 1187 2914 sigillum
1208 2803 1379 2882 nostrum
1401 2795 1637 2912 present'bus
1657 2803 1865 2911 appensum
1887 2809 1957 2900 est,

310 2917 529 3004 testimonio
563 2916 761 3002 literarum.
818 2913 918 3000 Data
954 2921 1148 2999 Poznam'e
1176 2914 1269 2998 feria
1300 2927 1452 3024 quarte,
1487 2914 1569 3028 ipso
1601 2913 1662 2998 die
1693 2915 1813 2998 sancti
1848 2909 1954 2998 Petri
2051 2912 2088 2950 ·’

320 3032 534 3150 Appostolli
555 3032 648 3141 (sic),
670 3035 771 3117 anno
794 3028 931 3116 domini
952 3030 1146 3118 millesimo
1166 3030 1539 3146 quadringentesimo
1560 3031 1738 3116 vicesir'no
1758 3059 1872 3115 nono.
1907 3101 1910 3108 .

419 3148 725 3234 Adrelacionern
743 3145 967 3234 venerabilis
984 3147 1186 3262 Wladislaj
1203 3145 1250 3231 de
1268 3146 1482 3263 Opporo'w,
1498 3147 1748 3243 Decretorurn
1761 3144 1952 3251 Hectoris,
2043 3171 2046 3182 ⁵

320 3265 522 3384 prepositi,
543 3265 593 3353 R.
615 3265 660 3352 P.
682 3264 1005 3381 Vicecancellarij.
1219 3285 1222 3292 ’
1255 3273 1286 3295 ’·
1429 3311 1430 3316 ¹
1806 3321 1811 3330 ·

846 3648 852 3688 2
913 3621 938 3698 ι
1020 3579 1253 3768 cautu.

391 3857 406 3878 ·
490 3797 796 3948 'numae
824 3849 1161 3936 annessae
1189 3850 1241 3936 u.
1269 3799 1356 3938 as.
1372 3788 1777 3954 nme-sense.
1930 3807 1933 3816 ’

367 4053 681 4127 wludtsluus
696 4053 763 4126 [tex
776 4053 921 4126 latoniae
936 4053 993 4126 dat
1006 4054 1191 4127 tenultatem
1205 4052 1343 4126 Andreae
1358 4053 1397 4125 tte
1411 4055 1584 4118 donatore
1598 4050 1740 4142 turono
1754 4048 1918 4123 tutelensi
1977 3995 1982 4006 .

639 4155 810 4228 retinenti
823 4156 931 4228 uillam
944 4155 1249 4229 Podscottcontetro
1265 4159 1298 4230 et
1312 4155 1407 4227 Paulo
1423 4153 1640 4237 Snfflotbll.
1760 4243 1762 4250 y
2019 4187 2024 4194 -

410 4373 659 4462 Wladislaus
676 4374 736 4461 dei
751 4374 885 4492 gracia
905 4373 991 4489 Rex
1011 4374 1183 4483 Polonie,
1204 4375 1489 4485 Litbwanieque
1508 4372 1696 4490 Princeps
1718 4372 1953 4493 Suppremus

321 4507 391 4583 eto.
437 4491 704 4614 Significamus
726 4507 857 4578 tenore
878 4494 1135 4611 presencium,
1166 4495 1300 4605 quibus
1322 4492 1474 4609 expedit
1493 4491 1695 4595 uniuersiS,
1715 4494 1953 4607 presentibus

423 4741 461 4826 (¹)
489 4741 538 4808 Ex
551 4742 716 4829 archetypo
732 4743 964 4810 membranaceo
980 4742 1010 4806 in
1024 4739 1380 4810 Varsaviensi'tnbularic
1396 4743 1519 4830 publico
1541 4742 1638 4828 Regni
1660 4741 1806 4808 Polouiae
1822 4741 1874 4811 Nu
1889 4740 1954 4812 329

320 4834 483 4894 merente
517 4825 654 4912 Sigillum
670 4828 869 4896 desideratur.
905 4827 1021 4894 Tabula
1036 4827 1180 4913 praecise.
1252 4839 1254 4844 ·
1285 4855 1289 4866 =
1462 4831 1465 4836 '

1669 4924 1919 5008 ¹ac·
