4800 5942
1084 651 1155 758 ⁴-
1209 702 1284 780 ooo
1339 745 1384 762 -

424 910 541 1017 duce,
567 939 637 1028 per
656 908 854 994 homonem
875 903 1150 994 discrecionem
1172 906 1453 1026 quomodolibet
1472 904 1753 1002 occrosceudis.
1797 907 1934 1022 erore
1955 889 2061 998 silb'-

424 1032 536 1117 oitum
559 1028 674 1114 Petro
690 1025 859 1143 prediolo
880 1041 918 1111 ct
932 1022 1047 1142 ipsius
1065 1026 1239 1142 posteris,
1260 1025 1509 1112 aduocociam
1524 1025 1732 1142 predictam
1748 1040 1887 1130 tenero,
1909 1024 2066 1132 bebere,

424 1175 574 1266 regere,
594 1145 821 1348 gubernare,
841 1171 890 1228 ec
908 1141 1067 1263 pocilice
1089 1155 1126 1229 ct
1147 1144 1273 1261 quiete
1294 1145 1524 1260 temporibus
1544 1137 1735 1262 perpetuis
1757 1141 1966 1262 possideto,
1987 1170 2058 1237 ooo

423 1291 501 1352 non
521 1294 592 1354 ven
622 1291 705 1366 ere,
736 1275 964 1364 comuttcre,
996 1260 1157 1366 dooere,
1185 1260 1360 1365 alienare,
1383 1259 1566 1380 obligare,
1588 1277 1626 1348 ct
1644 1259 1697 1348 cd
1716 1289 1809 1350 usus
1829 1289 1922 1349 suos
1941 1261 2058 1349 bone·
2154 1269 2157 1284 '

308 1393 315 1404 “
423 1381 583 1500 placitos
613 1391 655 1466 et
671 1408 827 1468 suorum
857 1407 1135 1496 successorum·
1153 1395 1396 1486 conuertere,
1426 1395 1538 1498 prout
1558 1378 1639 1465 sibi
1669 1395 1707 1466 et
1737 1379 1854 1497 ipsios
1885 1381 2059 1495 posteris,

423 1500 556 1587 melius
576 1514 613 1587 et
634 1499 756 1585 utilius
779 1495 964 1594 videbitur
989 1495 1177 1616 expedire.
1234 1493 1314 1584 Sed
1338 1512 1468 1584 nostro
1492 1511 1530 1584 et
1549 1513 1764 1585 nostrornm
1789 1497 2059 1585 successorum

279 1653 289 1666 ·
422 1618 618 1722 voluntas,
651 1647 755 1704 more
772 1618 898 1704 solito
927 1615 1066 1733 requiri
1087 1613 1199 1701 debet
1223 1617 1258 1702 in
1281 1617 1485 1732 promissio
1541 1614 1591 1702 Et
1620 1617 1707 1733 quio
1738 1612 1990 1703 consideratis
2023 1629 2062 1702 et

422 1736 603 1851 inspectis
635 1735 763 1851 pronis
784 1764 831 1821 oc
850 1732 1025 1820 fidelibus
1047 1732 1239 1848 seruicijs,
1261 1733 1370 1820 nobis
1391 1763 1461 1851 per
1479 1732 1695 1852 predictum
1713 1732 1866 1820 Petrum
1886 1732 2059 1823 commus

423 1852 583 1941 fideliter
603 1866 641 1938 et
660 1852 846 1969 inpensis,
868 1867 906 1937 et
925 1853 1167 1965 inposterum,
1190 1848 1341 1936 Christo
1362 1849 1471 1958 duce,
1493 1851 1702 1968 peripsum
1725 1865 1762 1936 et
1781 1851 1900 1966 ipsius
1920 1879 2060 1967 pueros

425 2000 473 2059 eo
490 1970 648 2057 celerius
665 1966 923 2084 inpendendis,
943 1967 1024 2071 sibi,
1045 1968 1317 2084 premissorum
1330 1969 1545 2070 meritorum
1566 1969 1616 2054 ob
1637 1999 1701 2056 res
1730 1983 1864 2070 ectum,
1885 1980 1923 2054 et
1942 1967 2059 2084 ipsius

423 2089 588 2205 posteris
613 2085 833 2204 piscinulam
862 2083 957 2170 olias
986 2089 1111 2170 m'bm'lc
1133 2083 1227 2170 ‘ente
1247 2109 1374 2170 crecm
1397 2115 1465 2173 seu
1486 2084 1636 2172 domum
1659 2113 1682 2170 a
1713 2085 1869 2172 uococie
1889 2084 2060 2201 predicte

406 2207 548 2310 sitem,
579 2201 770 2310 dedimuS,
792 2200 947 2308 demus,
978 2200 1176 2308 donamus,
1199 2203 1435 2310 ascribimus,
1455 2203 1744 2324 approprismus
1765 2215 1804 2288 et
1823 2202 2060 2319 presentibus

424 2323 609 2442 graciose
640 2323 866 2410 conferimus
897 2332 1078 2437 perpetuo
1109 2327 1147 2406 et
1177 2319 1326 2406 inewm.
1377 2315 1543 2423 Herum,
1575 2321 1711 2438 quibus
1740 2335 1909 2408 nostrum
1940 2319 2060 2405 maius

425 2438 687 2560 sigillum,'de
717 2455 823 2526 certo
852 2451 984 2526 nostro
1012 2438 1202 2542 sciencie,
1231 2439 1482 2555 presentibus·
1499 2450 1560 2523 est
1587 2449 1818 2556 appensum,
1843 2437 2059 2528 ,ceunomo

425 2560 625 2645 literarum.
672 2557 751 2644 Sub
782 2586 884 2643 anno
915 2553 1054 2641 domini
1086 2555 1278 2641 millesimo
1316 2556 1689 2675 qrrodringentesimo
1720 2556 1898 2642 vicesimo
1928 2557 2060 2672 primo.

425 2674 673 2761 Prosentibus
703 2671 840 2758 ibidem
871 2673 1059 2760 strennuis
1090 2670 1349 2788 nobilibusque
1373 2675 1481 2778 viiie,
1513 2671 1692 2761 dominis:
1729 2672 1846 2760 Petro
1876 2671 2057 2758 Piliconis

425 2789 612 2898 Palatino,
629 2789 803 2876 Slcwecz
817 2788 1045 2895 Castellono,
1062 2787 1204 2876 Mathia
1219 2788 1365 2896 Judice,
1380 2790 1562 2910 Vigcndo
1573 2789 1791 2879 Vexillilero
1808 2802 1846 2874 el
1862 2787 2056 2904 Stephano

426 2902 631 2996 Subiudice
653 2906 941 3013 Comensibus,
972 2908 1111 2994 nostris
1132 2904 1304 2994 fidelibus
1325 2909 1482 2997 testibus
1504 2910 1605 2995 circo
1626 2899 1820 3026 premisse.
1867 2903 2056 3022 Scriptum

452 3054 495 3112 er
514 3053 648 3114 monus
671 3023 778 3111 Pauli
798 3023 998 3112 Plocensis
1014 3039 1051 3111 et
1070 3022 1401 3116 Werschouiensis'
1418 3027 1663 3114 ecclesiarum
1679 3025 1872 3132 Canonici,
1894 3051 2060 3111 necnon

424 3057 653 3262 barcetum·
675 3139 777 3228 cuiie
796 3158 947 3250 nostre,
975 3143 1037 3260 qui
1058 3144 1258 3260 presencie
1278 3145 1405 3233 hebuit
1425 3147 1459 3234 in
1482 3147 1666 3232 comissis.
1719 3144 1855 3230 Actum
1878 3157 1914 3230 et
1934 3139 2060 3226 dotum

426 3262 462 3348 in
487 3265 641 3347 Czr'rslo
662 3262 752 3348 leric
773 3259 942 3348 secundo
962 3261 1056 3348 inlra
1078 3276 1235 3348 ocmucs
1255 3261 1497 3352 Visitccionis
1518 3263 1734 3351 beatissime
1760 3259 1885 3348 Morio
1904 3257 2058 3377 virginis

292 3399 295 3408 “
427 3378 608 3496 gloriose,
630 3408 730 3466 anno
752 3408 828 3495 quo
849 3407 974 3496 supro.

1090 3553 1098 3562 ’
1152 3627 1347 3772 curru.

467 3829 540 3912 lm
566 3825 696 3912 loco
722 3828 980 3913 stomoma
1005 3833 1362 3917 exercitorum
1376 3767 1548 3928 ,cirea
1574 3833 1761 3917 lacum
1789 3829 2021 3924 mm,

697 3963 853 4030 armo
879 3945 1032 4032 1422
1058 3951 1111 4034 rb
1137 3945 1179 4032 2
1203 3953 1404 4036 merom
1430 3949 1784 4054 septenbris.

489 4111 778 4215 vladlslssus
792 4115 861 4190 λοι
874 4113 1020 4192 torono
1034 4115 1175 4294 lobppprlt
1181 4118 1459 4307 tpfflpppppd
1474 4119 1850 4215 communionum
1864 4113 2004 4210 crlgcntl

1054 4236 1092 4292 co
1429 4278 1437 4295 .

496 4401 742 4492 'innomine
760 4406 918 4512 domini,
949 4441 1071 4498 omen.
1125 4369 1189 4498 Ad
1220 4425 1440 4528 perpetuam
1470 4413 1524 4498 rei
1555 4369 1809 4501 mennon
1844 4408 1946 4522 eria
1972 4421 2064 4494 turno

426 4522 548 4610 multis
579 4551 747 4611 erromm
779 4538 817 4611 et
841 4525 1038 4643 dubiorum
1068 4528 1273 4645 prudenter
1303 4530 1535 4616 occurrimus
1565 4527 1795 4632 incomodis,
1827 4525 1916 4614 dum
1946 4535 2058 4644 gesto

526 4737 536 4820 l
544 4738 568 4835 'l
596 4739 644 4804 Ex
659 4738 823 4836 orobetppo
838 4740 1071 4808 mombronsooo
1084 4763 1102 4808 s
1117 4743 1240 4812 doctiss⁴
1254 4744 1485 4832 Stroumyrlsoio
1501 4711 1658 4831 permina,
1673 4705 1724 4812 oui
1738 4749 1907 4829 appensum
1920 4748 1970 4809 ost
1983 4739 2062 4826 sigil-

425 4819 489 4886 lum
503 4819 639 4888 lunrculo
653 4843 752 4890 senec
769 4823 877 4890 coloris
892 4825 977 4892 rubri
989 4825 1053 4911 jum
1069 4826 1214 4894 deletum.
1803 4861 1808 4870 -
2044 4848 2049 4864 .
