4780 5922
1095 743 1369 817 *202-

291 987 292 990 ‘
415 953 494 1042 suis
516 948 694 1068 granieijs
716 963 751 1033 et
772 948 878 1033 ruetis
900 947 1167 1051 continentem,
1199 975 1283 1031 cum
1306 945 1404 1032 omni
1419 948 1505 1063 jure
1527 946 1739 1033 Culmensis
1760 948 1936 1053 civitatis,
1961 951 2048 1034 cunr
2095 1001 2101 1011 ·
2166 1021 2169 1033 ,

416 1071 588 1162 omnibus
609 1066 839 1170 utilitatibus,
861 1064 1123 1182 proventibus,
1144 1079 1181 1150 et
1202 1061 1465 1167 usulruetibus,
1486 1092 1723 1182 quocumque
1743 1069 1892 1152 nomine
1913 1095 2048 1154 cense-
2114 1086 2119 1102 '

415 1203 543 1292 antur,
565 1187 630 1305 qui,
648 1215 747 1272 nuno
768 1196 873 1289 sunt,
894 1200 959 1270 aut
978 1184 1065 1270 oriri
1086 1195 1260 1300 poterunt
1280 1180 1394 1268 modo
1415 1182 1580 1299 quolibet
1599 1184 1829 1300 temporibus
1849 1185 1885 1270 in
1906 1186 2047 1290 tuturis,

415 1308 538 1396 eidem
559 1305 655 1392 militi
675 1301 854 1420 Nazironj
876 1299 1110 1389 vendidimus
1136 1299 1185 1388 de
1206 1316 1335 1386 nostro
1357 1329 1449 1387 vero
1470 1300 1655 1407 dominio,
1687 1331 1757 1418 pro
1778 1303 2048 1423 quinquaginta

414 1426 554 1512 mareis
579 1433 729 1510 monete
756 1419 1035 1525 ThorunensiS,
1067 1449 1152 1506 oum
1174 1433 1274 1505 tanta
1294 1419 1483 1524 libertate,
1515 1421 1690 1532 quautam
1711 1416 1810 1508 idern
1831 1418 1949 1508 Nauir
1969 1423 2049 1509 suis
2164 1475 2167 1483 «

413 1540 675 1630 kmethonibus
700 1570 767 1625 seu
789 1539 942 1644 incolis,
973 1537 1097 1626 dictos
1128 1566 1282 1624 mansos
1313 1537 1522 1624 colentibus
1553 1537 1677 1624 tradet
1707 1552 1745 1626 et
1764 1538 1937 1646 donabit,
1972 1552 2052 1628 tarn

414 1662 486 1752 sibi
505 1661 659 1774 suisque
681 1660 779 1748 veris
801 1659 938 1776 pueris,
959 1655 1008 1742 de
1029 1658 1112 1772 ipso
1133 1650 1312 1772 legittime
1324 1657 1553 1772 procreatis,
1575 1657 1654 1743 iure
1675 1655 1909 1762 hereditario,
1931 1656 2048 1746 libere

413 1778 645 1897 temporibus
673 1776 862 1895 perpetuis
883 1772 1100 1880 tenendam,
1122 1771 1352 1877 habendam,
1374 1789 1488 1886 atque
1509 1772 1788 1891 possidendam,
1808 1775 1858 1862 ad
1880 1801 2048 1886 ususque

413 1899 588 2018 proprios
609 1892 919 1996 conuertendum,
940 1894 1041 1978 iuxta
1062 1890 1164 2003 quod
1184 1892 1254 1979 sibi
1275 1893 1430 2006 suisque'
1449 1895 1549 1979 veris
1570 1891 1771 1980 heredibus
1792 1923 1838 1980 ac
1859 1894 2047 2012 legittimis

351 2047 355 2060 ·
414 2015 704 2107 successoribus
735 2013 877 2116 utiliuS,
914 2010 1186 2124 oombdiusque
1215 2009 1400 2098 videbitur
1431 2010 1628 2128 expedire:
1659 2010 1831 2098 videlieet
1857 2009 2047 2118 donando,

408 2129 626 2236 vendende,
658 2132 737 2218 sive
758 2128 1054 2234 commuttando,
1086 2158 1154 2247 pro
1176 2157 1265 2233 sua,
1296 2156 1524 2243 suorumque
1545 2142 1800 2246 posterorum,
1832 2129 2049 2216 omnimoda

414 2253 626 2355 voluntate,
662 2263 786 2336 tamen
816 2261 946 2334 nostro
978 2246 1028 2331 de
1058 2277 1249 2335 consensu
1280 2250 1420 2367 pariter
1450 2248 1599 2334 allecto.
1661 2246 1722 2333 Ad
1754 2273 1865 2362 quam
1898 2247 2051 2360 quidem'

232 2410 234 2418 ·
288 2449 293 2464 ‚
413 2371 611 2473 maricam,
643 2367 765 2454 nullos
787 2362 937 2478 aliquod
959 2365 1038 2470 ius,
1070 2378 1197 2483 preter
1217 2395 1305 2469 nos,
1336 2365 1463 2453 habuit
1483 2365 1543 2452 vel
1564 2365 1727 2454 habebat
1748 2367 1979 2483 temporibus
1999 2367 2047 2454 ab
2125 2437 2134 2457 .

413 2489 585 2598 antiquis.
643 2483 691 2570 Et
712 2487 744 2571 si
765 2509 927 2594 unquam
948 2483 1094 2599 prelata
1114 2483 1275 2588 menica,
1297 2483 1405 2574 alicui
1427 2512 1495 2600 pro
1516 2498 1685 2600 tempore
1706 2484 1827 2571 luerat
1847 2514 2047 2591 concessa,
2143 2481 2149 2494 ’

413 2635 513 2692 nunc
533 2633 626 2688 vero
649 2615 685 2686 et
706 2603 963 2716 inperpetuum
985 2629 1210 2688 revocamus
1231 2625 1300 2717 per
1319 2616 1536 2720 presentes,
1570 2600 1672 2714 quod
1694 2600 1794 2688 nullo
1815 2603 1894 2687 iure
1915 2601 2050 2714 aliquis
2068 2591 2070 2604 Α
2133 2655 2140 2666 ·
2203 2632 2209 2641 ’

413 2720 614 2824 hominurn,
636 2733 763 2833 preter
779 2715 1006 2804 Nazironem
1022 2718 1205 2835 prelatum
1222 2733 1260 2804 et
1275 2748 1374 2826 suos
1383 2732 1570 2835 posteros,
1591 2721 1710 2839 ipsam
1727 2719 1851 2805 valeat
1866 2718 2047 2808 obtinere.

413 2837 598 2926 Pretere'a
618 2847 838 2954 prenotatus
859 2831 985 2940 Nazir,
1007 2850 1043 2922 et
1065 2835 1121 2923 sui
1142 2837 1296 2952 posteri,
1320 2836 1368 2925 de
1389 2854 1546 2952 utraque
1566 2835 1784 2943 hereditate,
1806 2835 1978 2924 videlicet
1999 2836 2048 2925 de

413 2953 620 3044 hereditate
657 2951 808 3070 Zirnijlri
840 2953 1050 3060 nominata,
1081 2968 1118 3043 et
1138 2954 1186 3040 de
1208 2955 1348 3071 marica
1376 2956 1504 3073 sepius
1526 2954 1647 3062 dicta,
1682 2953 1731 3042 ad
1764 2954 2049 3074 expedicionem

299 3183 300 3188 ,
330 3117 340 3183 4
413 3073 615 3188 quamlibet
641 3086 828 3178 nostram,
865 3102 1138 3188 cumpancero
1159 3072 1269 3160 nobis
1291 3073 1475 3162 tenebitur
1495 3073 1690 3162 deseruire
1720 3074 1756 3161 in
1785 3103 1855 3162 suo
1884 3071 2047 3197 dampno

302 3185 326 3222 '³'
413 3193 555 3312 pariter
576 3206 612 3277 et
633 3192 829 3309 expensis3
866 3218 1054 3305 unumque
1074 3221 1250 3307 porcum,
1269 3222 1351 3288 ¹seu
1374 3193 1575 3304 quamlibet
1596 3193 1827 3281 solucionem
1848 3192 1958 3279 aliam
1979 3223 2049 3279 no-

415 3326 533 3398 stram
569 3307 740 3396 ducalem
777 3309 886 3397 nobis
917 3310 1060 3416 solvet,
1095 3307 1145 3397 de
1174 3310 1357 3398 ambabus
1394 3309 1660 3398 hereditatibus
1695 3310 1941 3428 prenarratis.
1998 3307 2050 3398 Ut
2115 3335 2119 3348 ·

412 3442 535 3516 autern
557 3427 627 3514 boe
649 3431 779 3516 nostra
798 3427 992 3536 vendicio,
1025 3431 1062 3516 el
1082 3427 1199 3545 ipsius
1222 3429 1389 3548 empcio,
1419 3429 1513 3515 inter
1534 3458 1606 3518 nos
1627 3441 1665 3514 et
1685 3428 1868 3544 prelatum
1891 3423 2048 3518 Naziro·

301 3537 305 3560 ⁸
412 3577 497 3636 nem
518 3545 662 3651 habita,
693 3547 809 3634 robur
830 3564 1010 3666 perpetue
1031 3550 1196 3664 optineat
1216 3547 1631 3668 firmitatis,'presentes
1652 3545 1720 3633 sibi
1740 3547 1832 3651 lieri,
1854 3545 2048 3660 nostrique
2143 3617 2147 3622 .

400 3666 566 3752 maioris
595 3665 706 3784 sigili
736 3665 933 3752 munimine
963 3667 1138 3753 iussimus
1168 3667 1398 3752 communiri.
1460 3665 1598 3752 Datum
1634 3667 1672 3751 in
1705 3663 1975 3781 Bobrownijk,
2011 3666 2047 3752 in

413 3797 551 3874 octava
579 3780 744 3870 Pascha.
799 3782 1047 3871 Presentibus
1068 3785 1225 3872 testibus
1246 3783 1475 3872 subnotatis:
1508 3783 1735 3888 ComitibuS,
1764 3781 1940 3870 lolianne
1961 3796 2086 3870 tuno·‘

415 3900 624 4036 Capitaneo
644 3897 895 3988 Dobrzlnensi
915 3900 1279 4016 Sueeamerarioque
1298 3898 1555 4006 Lancicieusi,
1581 3899 1788 3990 lllisliboric
1809 3900 1945 3988 ludice
1966 3899 2048 3989 Du·

413 4017 618 4125 brunensi,
650 4018 880 4108 Thiczmano
908 4017 1044 4109 lodice
1070 4019 1294 4138 Rippinensi
1321 4015 1462 4106 herede
1485 4017 1534 4105 de
1554 4015 1790 4138 Radamino‚
1819 4015 2050 4106 Bernhardo

412 4133 556 4224 herede
578 4138 626 4225 de
646 4135 829 4244 lllolvouo,
844 4136 1015 4226 Vislvone
1037 4137 1085 4226 de
1106 4134 1408 4242 Grocbuvalsco,
1430 4152 1467 4223 et
1482 4134 1564 4224 ali's
1581 4162 1692 4250 quam
1735 4136 1877 4226 loribus
1893 4135 2049 4226 testibus

414 4252 491 4342 fide
512 4252 658 4374 dignis,
685 4257 774 4346 viris
803 4255 989 4348 nobilibus
1023 4271 1060 4344 et
1079 4257 1258 4344 honestis.
1319 4253 1454 4342 Actum
1477 4168 1547 4344 solt
1569 4283 1668 4343 anno
1690 4168 1828 4344 dluuim
1856 4253 2050 4344 millesimo

414 4375 678 4462 trecentesimo
699 4373 994 4512 quadragesimo
1016 4404 1128 4462 nono.
1186 4373 1375 4495 Scriptum
1397 4403 1466 4490 per
1487 4404 1620 4462 manos
1640 4373 1854 4496 Augustini.
2141 4483 2144 4492 ἢ

515 4489 599 4581 Nos
621 4492 792 4600 tandem,
828 4522 910 4582 vrso
931 4493 1142 4582 huiusmodi
1164 4523 1293 4582 eorum
1316 4492 1511 4628 privilegio
1533 4494 1652 4600 iusto,
1686 4494 1723 4580 in
1743 4490 1844 4578 nulla
1863 4501 1972 4610 parte
1992 4490 2049 4578 vi-

415 4611 533 4698 elato:
565 4626 781 4724 [antrumque
803 4627 957 4729 propter
977 4614 1229 4725 antiquitatem
1251 4615 1436 4727 scriptura
1458 4642 1495 4698 ru
1516 4639 1563 4697 eo
1585 4626 1665 4697 erat
1686 4607 1834 4698 caduca
1855 4621 1893 4699 et
1912 4607 2049 4716 deleta;

416 4757 546 4815 eorum
573 4730 748 4847 peticioni
775 4731 870 4818 iuste
890 4729 1081 4832 acclinati,
1111 4733 1232 4850 ipsum
1254 4727 1506 4848 privilegium,
1538 4728 1593 4816 sic
1613 4726 1663 4816 de
1683 4728 1801 4817 verbo
1821 4727 1873 4816 ad
1893 4728 2054 4834 verbum¹

416 4844 614 4953 insertum,
645 4846 817 4937 duximus
837 4846 1116 4955 renovandum,
1148 4862 1185 4936 et
1202 4878 1274 4965 per
1293 4859 1748 4964 presentesrenovamus.
1803 4846 1847 4935 ln
1867 4847 1975 4936 cuius
1994 4845 2050 4932 rei
