4800 5942
1021 776 1067 792 -
1120 714 1212 813 nce·
1250 778 1295 793 -

344 941 462 1044 atatis.
474 953 625 1043 nostre,
643 937 1037 1054 litterarum-apicibus
1058 931 1100 1026 el.
1117 938 1262 1027 teatino
1281 939 1532 1026 annotaoione
1553 937 1857 1054 perluennamus
1880 938 1976 1028 Pro·

277 1067 279 1072 ’
345 1057 527 1146 iude—nos
548 1053 1016 1172 Wtatsstauscetgraota
1044 1053 1132 1144 Rex
1153 1055 1331 1158 Polonia,
1362 1065 1533 1144 necnon
1552 1055 1753 1144 Terrarum
1777 1058 1976 1163 Crecouia,

343 1173 603 1278 Saudomiria,
624 1171 805 1290 Spradia,
819 1168 1019 1278 ,banciola
1043 1171 1230 1286 Cnyuuie,
1250 1173 1535 1292 Litbwauiaque
1557 1174 1744 1292 Princeps
1764 1201 1975 1290 stupeamus,
2126 1271 2131 1286 ‚

183 1405 187 1410 Ι
313 1291 582 1396 ¹pomeranie,
598 1290 815 1408 Russiequo
830 1289 1184 1380 coniunctene
1199 1291 1567 1410 etc.2Signiticamus
1583 1308 1713 1380 tenore
1729 1294 1977 1408 presencium,

374 1411 406 1428 ''
460 1439 483 1494 s
501 1408 652 1526 expedit
666 1410 851 1498 uniuersis
893 1408 1104 1499 recentibus
1122 1421 1163 1496 et
1176 1409 1318 1514 tuturis,
1340 1411 1576 1526 presencium
1592 1411 1766 1514 noticiam
1782 1408 1976 1498 lmbiturisr

387 1526 553 1616 uomodo
574 1528 828 1643 peticionibus.
880 1525 988 1616 obdis
1008 1525 1194 1616 lobannis
1210 1525 1260 1614 de
1280 1534 1429 1620 Mento
1444 1526 1567 1616 sodalis
1583 1529 1711 1634 nostri,
1760 1554 1851 1614 nem
1866 1525 1977 1616 nobis

344 1657 383 1732 at
402 1643 508 1732 zelus
527 1643 726 1750 fidelitatis,
756 1661 797 1732 et.
813 1645 1051 1762 prestiterum
1073 1646 1337 1762 obsequiorum
1360 1647 1491 1732 merita
1511 1559 1838 1752 racouunendcnt,
1870 1646 1977 1758 beni-¹

342 1762 474 1880 guitot·
487 1763 678 1869 acclinati,
708 1763 782 1853 sibi
803 1763 861 1854 de
887 1763 981 1852 villa·
1002 1765 1137 1852 Loolo'
1158 1765 1194 1850 in
1225 1763 1344 1854 'serra
1374 1781 1411 1850 ot
1440 1764 1621 1852 Distriotu
1651 1763 1873 1880 Spradiaosi
1892 1765 1976 1870 silc,

271 1919 278 1936 ·
344 1879 495 2000 cpidum
515 1882 645 1970 tacere
664 1893 702 1970 et
716 1879 845 1971 locare
867 1879 1099 1985 indulsimus,
1119 1896 1156 1970 et
1171 1898 1303 1990 tenore
1316 1883 1554 2000 presencium
1569 1881 1818 2001 indulgemus,
1840 1879 1977 1971 eodem

343 1997 493 2088 nomae
507 1999 730 2098 ‘Lcelcouel
751 1997 829 2086 alio
845 1997 1134 2116 appellandum
1164 1999 1298 2088 dantes
1320 2015 1356 2088 ct
1376 1999 1631 2098 concodentes
1650 2001 1780 2116 prelati
1802 1998 1903 2116 opidi
1923 2000 1977 2086 tn

316 2111 439 2204 ‘colis
468 2117 589 2233 ipsum
616 2116 922 2219 inlmbitantibns,
953 2117 1013 2204 uel
1045 2115 1252 2204 inhabitata
1283 2118 1511 2222 nolentibus,
1544 2119 1715 2206 omnibus
1740 2117 1907 2235 juribus,
1934 2127 1978 2204 'et

343 2233 549 2352 priuilegijs
564 2263 614 2322 uc
627 2233 1031 2368 munimentisquibus
1043 2234 1118 2324 alle
1134 2236 1305 2328 ciuitates
1321 2235 1450 2352 Regni
1465 2239 1583 2322 nostri
1599 2239 1807 2352 pociuntur,
1829 2237 1890 2337 uti,
1906 2235 1977 2322 frui

343 2364 382 2438 et
402 2351 584 2464 gaudere.
625 2351 884 2442 Remanentac
903 2351 1040 2442 ibidem
1059 2353 1183 2441 omnia
1200 2355 1288 2468 jura
1307 2352 1544 2469 polonicolia,
1565 2352 1701 2440 modos
1722 2367 1978 2440 etconsoetu-
2037 2410 2040 2418 ·
2138 2433 2146 2446 ,

200 2523 206 2529 -
341 2469 489 2558 tudites
509 2471 734 2575 uniuersas,
761 2501 835 2588 que
855 2471 1055 2584 ipsumjus
1076 2469 1548 2594 theutinimwsffedensa
1568 2471 1723 2573 dictum,
1755 2470 1977 2586 planumque
2038 2435 2136 2522 s

343 2587 454 2676 solita
474 2597 562 2676 sunl
580 2588 814 2703 perturbare.
861 2585 1254 2702 Exirnimusiusuper,
1275 2587 1505 2676 absoluimus
1528 2591 1588 2696 lac
1608 2588 1805 2704 perpetuo)
1825 2587 1976 2674 liberta-
2095 2690 2100 2695 ⁸
2252 2589 2255 2604 '

341 2733 427 2792 mus
447 2703 635 2820 opidanos
656 2719 693 2791 et
708 2705 864 2823 quosvis
880 2702 972 2791 dicti
995 2702 1094 2819 opidi
1116 2705 1270 2806 incolas,
1292 2705 1342 2793 ab
1359 2703 1457 2794 omni
1467 2705 1713 2818 jurisdicione
1734 2719 1771 2788 et
1786 2715 1977 2818 potestate¹

342 2819 505 2910 omnium
536 2821 665 2940 Regni
694 2823 813 2924 nostri
833 2821 1101 2938 palatinorum,
1131 2821 1442 2923 castellanorum,
1472 2823 1774 2935 capitaneorum,
1796 2819 1979 2935 judicum,-

343 2938 599 3042 subindicare,
621 2955 918 3056 ceterorumque
939 2937 1147 3027 officialium
1170 2955 1208 3025 et
1226 2939 1514 3026 ministerialium
1537 2937 1760 3041 eorundem,
1787 2945 1828 3024 ot
1842 2951 1977 3025 'coram

342 3055 435 3172 ipsis
455 3054 516 3142 vel
535 3056 703 3171 ipsorum
724 3055 872 3172 aliquo,
901 3084 972 3169 pro
992 3057 1131 3144 ,causis
1162 3071 1239 3142 tani
1257 3057 1407 3174 magnis
1428 3085 1540 3172 quarn
1561 3057 1710 3170 paruis,
1739 3065 1849 3168 puta:
1878 3053 1981 3160 furti,

343 3171 524 3287 incendi,
554 3173 770 3291 sanguinis,
801 3170 1008 3286 homicidij‚
1040 3170 1292 3260 membrorum
1324 3173 1569 3259 mutilacionis
1601 3185 1636 3258 et
1669 3169 1861 3288 quibusvis
1892 3170 1977 3286 alija

309 3361 310 3366 i
343 3291 493 3395 causis,
524 3305 562 3377 et
582 3289 798 3378 enormibus
827 3287 1048 3375 excessibus
1073 3289 1202 3391 citati‚·
1222 3289 1370 3382 minime
1401 3288 1701 3403 respondebunt,
1731 3315 1803 3372 nec
1830 3287 1976 3403 aliquas
2189 3383 2192 3394 ,

342 3435 463 3524 penas
496 3407 646 3498 soluere
673 3408 905 3494 tenebuntur.
957 3404 1036 3492 Sed
1059 3417 1199 3491 tantum
1221 3405 1379 3520 predicti
1400 3407 1502 3522 opidi
1521 3405 1643 3491 incola
1664 3433 1794 3491 coram
1814 3405 1975 3526 scobem
2115 3465 2120 3472 -
2267 3422 2275 3440 ’

342 3553 426 3626 suo,
449 3526 511 3640 qui
530 3554 601 3639 pro
622 3540 791 3641 tempore
812 3525 941 3628 luerit;
973 3522 1153 3608 scoltet'us
1174 3523 1266 3610 'vero
1288 3551 1415 3608 coram
1437 3522 1695 3637 prenominato
1715 3520 1888 3607 Jobanna
1909 3522 1990 3608 aut'
2026 3551 2030 3559 ·

341 3641 353 3727 i
381 3641 459 3728 sius
489 3642 779 3728 successoribus
803 3639 1009 3756 legittimis,
1041 3654 1104 3725 aut
1125 3667 1253 3725 eoram
1277 3640 1384 3725 nobis
1405 3638 1466 3725 vel
1484 3655 1617 3725 nostro
1638 3638 1773 3724 iudicio
1796 3638 1975 3754 generali,

341 3671 431 3844 dum
450 3771 578 3848 taum
595 3789 668 3875 per
685 3758 1018 3846 nostmtteran
1039 3754 1314 3874 nostrossigillo
1336 3757 1555 3877 agitatam,
1572 3770 1772 3870 armemus
1801 3756 1908 3848 suerit
1937 3769 1975 3842 el

342 3877 498 3964 citatus:
525 3891 561 3962 et
582 3876 657 3992 boc
678 3878 709 3962 si
731 3873 982 3978 inreddenda
1005 3875 1150 3981 iusticia
1170 3875 1370 3997 negligens
1391 3877 1500 3963 tuerit
1520 3889 1557 3961 et
1577 3877 1768 3964 remissus:
1790 3889 1877 3958 tunc
1896 3867 1972 3960 non

341 3991 451 4080 aliter
503 3991 700 4082 'am'suo
734 3995 813 4082 iure
845 3992 1057 4082 lbeutunico
1088 3989 1278 4106 ¹Sreden'sl
1306 3990 1496 4112 predicto„
1538 3991 1586 4080 de
1616 4015 1669 4078 ‘se'
1693 3987 1973 4107 querulantibus

204 4215 206 4220 ἢ
340 4139 481 4225 respon
511 4142 576 4198 ere
597 4113 645 4198 sit
665 4114 849 4200 astrictus.
885 4111 926 4197 ln
949 4111 1075 4197 causis
1096 4125 1219 4198 autem
1237 4113 1488 4198 criminalibus
1510 4127 1547 4196 et
1563 4108 1784 4226 capitalibus
1800 4109 1973 4223 superius

341 4227 593 4346 capressatis,
624 4229 660 4312 in
683 4231 789 4314 metis
818 4242 856 4312 et
875 4229 1117 4347 graniciebus
1143 4229 1301 4344 predicti
1334 4230 1434 4362 opidi
1463 4225 1671 4331 iudicandi,
1703 4224 1973 4330 sentenciandi‚
2096 4323 2099 4328 ¹

203 4349 210 4362 '
341 4343 569 4464 corrigendl,
589 4344 775 4462 puniendi·
800 4343 984 4462 plectendi
1007 4358 1043 4430 et
1064 4344 1388 4462 condempnando,
1420 4343 1577 4429 sculteto
1599 4341 1754 4470 predicti
1777 4341 1888 4459 opidi,
1911 4345 1978 4462 qui
2122 4425 2126 4442 ,

340 4459 411 4580 pro
445 4477 613 4580 tempore
641 4463 767 4574 luerit,
800 4461 948 4583 plenam
961 4461 1103 4548 'damus
1124 4479 1161 4548 et
1181 4477 1312 4548 tenore
1332 4463 1568 4578 presencium
1591 4459 1834 4580 concedimus
1855 4459 1973 4546 lacul-

340 4589 474 4684 t'ate'rn,
504 4593 616 4698 prout
634 4581 710 4668 bo'c
730 4577 849 4699 ipsum
867 4575 931 4697 jus
954 4577 1204 4665 theutunicum
1223 4577 1432 4697 predictum
1464 4581 1503 4665 in·
1522 4580 1693 4667 omnibus
1714 4579 1793 4665 suis
1814 4580 1971 4694 punctis

340 4699 524 4814 articulis,
556 4699 779 4823 sentencip's,
811 4697 1097 4812 condicionibus
1115 4711 1152 4788 et
1174 4698 1368 4801 clausuliS,
1395 4699 1561 4816 postulat
1581 4714 1618 4785 et
1637 4697 1806 4814 requirit,
1831 4696 1972 4784 iuribus

340 4829 464 4907 tamen
500 4815 648 4926 uostris.
676 4817 869 4937 regalibus
905 4818 940 4903 in
971 4816 1142 4926 omnibus
1178 4832 1329 4935 semper
1364 4815 1500 4927 saluis„
1528 4809 1531 4817 Α
1555 4813 1606 4904 Ut
1636 4831 1759 4904 autern
1792 4815 1979 4931 prelatum

1763 4946 1822 5009 oc·
1887 4993 1889 5000 .
1933 4981 1939 4990 -
2070 4953 2076 4960 ·
