4870 5948
1100 812 1348 884 ..30-

950 1246 958 1264 ,
1031 1238 1037 1248 ,
1145 1119 1308 1234 xurn.

534 1338 850 1472 concoctae
878 1405 1033 1517 anno
1060 1351 1220 1464 1222.
1248 1381 1342 1464 dic
1367 1377 1461 1464 28.
1488 1403 1557 1464 mr.
1587 1381 1935 1481 septembris.
1984 1421 1989 1429 ·

455 1591 545 1662 Iro
560 1589 733 1682 episcope
743 1586 979 1672 bracariensis,
997 1584 1163 1658 ecclesium
1177 1587 1308 1657 suone
1323 1579 1486 1656 iriniutie
1501 1583 1685 1670 utendae,
1700 1597 1780 1674 nnec
1794 1597 1893 1674 usquo
1907 1583 1948 1654 ad
1961 1577 1995 1654 n
2109 1629 2113 1637 ,

453 1695 577 1784 tompus
591 1690 781 1781 puucuuu
795 1692 881 1778 eret,
901 1689 1063 1761 nomenis
1085 1686 1203 1759 artinis
1223 1685 1471 1760 hiobuatunm
1485 1685 1620 1758 contum
1633 1686 1673 1758 eb
1689 1685 1770 1758 omni
1784 1683 1994 1758 rumetrudae

378 1807 381 1818 ·
507 1811 510 1822 ·
695 1811 704 1824 ⁸
957 1786 1498 1883 curacpaiocbiulisimmunonrtb.

516 2017 559 2102 ln
591 2019 740 2104 nomine
772 2030 901 2102 sancte
929 2015 1099 2101 trinitatis
1131 2029 1168 2101 et
1197 2014 1383 2102 individue
1413 2014 1581 2118 unitatiS,
1613 2043 1733 2100 arnen.
1763 2011 1852 2128 Ego
1884 2010 1952 2096 lvo
1976 2005 2037 2096 dei

415 2135 655 2224 miseratione
687 2133 950 2222 Cracoviensis
980 2135 1216 2252 Episcopus,
1261 2149 1388 2220 uotum
1424 2134 1523 2220 lacio
1555 2145 1629 2217 tam
1660 2131 1894 2246 presentibus
1925 2157 2037 2245 quam

414 2254 563 2357 sutoria,
595 2251 696 2371 quod
718 2253 903 2338 communi
924 2252 1080 2339 consilio
1101 2270 1137 2340 et
1157 2253 1237 2368 pari
1258 2267 1448 2338 consensu
1469 2252 1622 2337 fratrum
1645 2249 1919 2368 Canonicorum
1936 2244 2037 2331 vide-

414 2371 501 2457 licet
521 2369 681 2456 ecclesie
703 2370 802 2456 beati
827 2370 1063 2476 Wencezlai,
1095 2371 1294 2470 ecclesiam
1309 2385 1447 2456 sancte
1469 2369 1656 2456 Trinitatis
1688 2369 1722 2452 iu
1748 2366 1897 2452 Cracov
1918 2365 2037 2465 sitam,

414 2489 496 2574 liliis
527 2490 562 2574 in
595 2484 743 2573 Christo
766 2489 970 2576 karissimis
991 2491 1165 2575 iratribus
1186 2489 1327 2574 ordinis
1348 2487 1635 2574 Predicatorum
1657 2486 1812 2590 contuli,
1844 2497 1884 2568 ut
1902 2482 2037 2568 ibidem

416 2605 490 2692 den
512 2605 709 2690 auxiliante
740 2607 776 2690 in
806 2617 1027 2721 perpetuum
1050 2606 1244 2710 moraturi,
1275 2605 1393 2692 verbo
1425 2620 1459 2690 et
1488 2605 1659 2721 exemplo
1681 2603 1821 2722 populo
1843 2601 1903 2688 dei
1923 2599 2053 2718 proh'

417 2723 516 2808 ciant
535 2722 584 2806 ad
608 2722 775 2808 salutem.
826 2721 969 2808 Verum
992 2723 1098 2840 quia,
1130 2739 1169 2810 ut
1193 2724 1243 2809 ait
1273 2721 1486 2839 aposlolus,
1519 2723 1581 2811 nbi
1613 2723 1762 2839 spiritus
1792 2722 1841 2808 ibi
1872 2719 2036 2822 libertus,

417 2839 572 2957 dignum
593 2853 629 2924 et
642 2840 784 2954 justum
803 2855 841 2925 et
860 2839 994 2926 rationi
1018 2844 1135 2928 visum
1158 2856 1216 2927 est
1237 2856 1545 2945 consentaneum,
1569 2855 1661 2957 quot
1681 2870 1769 2944 eos,
1791 2869 1888 2956 quos
1908 2840 1943 2924 in
1962 2838 2037 2923 ler-

416 2987 510 3046 vore
530 2958 679 3074 spiritus
701 2958 820 3046 sancti
841 2956 889 3044 ad
912 2957 1142 3046 diliuendum
1164 2960 1250 3046 olim
1271 2961 1447 3074 concepi,
1471 2961 1550 3076 jam
1583 2962 1618 3046 in
1647 2959 1740 3044 ulnis
1761 2959 1854 3042 meis
1875 2957 2036 3075 genitos,

417 3077 593 3162 uberibus
609 3075 743 3162 lactem
758 3075 949 3163 libertatis.
990 3135 991 3138 κ
1018 3077 1079 3164 olo
1097 3079 1221 3194 itaque
1242 3077 1446 3194 predictam
1464 3078 1664 3164 ecclesiam
1681 3079 1846 3191 ipsorum
1867 3073 2039 3191 regimini

417 3193 644 3308 subjectam,
664 3194 713 3280 ab
730 3195 828 3280 omni
843 3195 1088 3283 sollicitudine
1105 3225 1194 3280 cure
1211 3195 1455 3311 parrochialis
1473 3227 1561 3287 esse
1577 3195 1791 3297 immunem,
1809 3194 1877 3280 nisi
1896 3191 2038 3280 eisdem

415 3311 589 3398 iratribus
618 3311 803 3413 inhrmoS,
834 3326 991 3428 propter
1013 3343 1109 3430 opus
1130 3314 1404 3418 misericordie,
1436 3315 1495 3400 eui
1515 3314 1704 3418 insistunt,
1736 3310 1937 3428 aliqnando
1958 3310 2037 3427 pla-

417 3430 535 3516 cuerit
564 3431 741 3516 visitare.·
782 3430 1020 3546 Sepulturam
1041 3461 1153 3534 vero,
1186 3462 1259 3548 que
1279 3431 1455 3520 ammodo
1477 3430 1726 3548 undecunque
1756 3428 1891 3514 ibidem
1924 3430 2055 3545 conti·-¹

418 3547 532 3664 gerit,
565 3560 603 3633 et
622 3546 715 3634 alias
737 3548 945 3635 oblationes
974 3549 1170 3666 privilegio
1192 3552 1402 3636 securitatis
1425 3551 1623 3654 coronavi,
1655 3547 1821 3652 addens,
1837 3559 1893 3632 'ut
1916 3547 2039 3632 nullus
2160 3553 2166 3562 '

417 3664 466 3750 ibi
497 3663 545 3748 de
576 3665 667 3749 meis
699 3666 877 3782 subjectis
902 3664 1143 3783 aliquomodo
1172 3665 1310 3754 habeat
1330 3683 1561 3783 respectum,
1594 3681 1633 3752 ut
1653 3667 1815 3783 aliquam
1836 3662 2038 3782 aliquando

419 3793 571 3899 expetat
589 3782 809 3898 portionem.
859 3783 921 3868 Ad
953 3785 1062 3899 hujus
1093 3787 1205 3903 igitur
1235 3785 1350 3869 robur
1381 3785 1559 3871 libertatis
1592 3781 1904 3900 perpetuandum,
1936 3779 2037 3898 quod

520 4115 559 4201 (¹)
588 4117 635 4180 Ex
651 4113 814 4201 archetypo
836 4116 865 4179 in
889 4115 991 4182 charta
1007 4138 1187 4202 pergamena
1211 4117 1351 4184 cmssiori
1375 4117 1635 4202 compositissimis
1651 4128 1743 4204 atque
1758 4116 1931 4182 clarissimis
1945 4117 2039 4183 literis

419 4197 550 4282 scripto,
571 4200 601 4264 iu
617 4199 765 4264 tabulario
781 4204 955 4268 monasterii
970 4203 1097 4268 fratrum
1110 4205 1356 4270 Praedicatorum
1372 4202 1488 4267 ordinis
1502 4203 1597 4268 sancti
1611 4202 1762 4271 Durninici
1775 4202 1981 4267 &ecamensis
1993 4221 2040 4265 as·

419 4293 549 4351 seruato.
564 4283 713 4358 Primum,
728 4285 843 4349 scilicet
855 4287 998 4371 Episcopi
1010 4288 1154 4371 sigillum,
1166 4288 1230 4371 jam
1246 4296 1342 4351 toturn
1356 4286 1554 4362 desideratur,
1572 4287 1612 4350 ita
1628 4295 1664 4352 ut
1677 4288 1742 4366 ejus
1759 4286 1909 4350 funiculus
1920 4294 2040 4353 tuntum

418 4370 532 4436 rubeus
555 4369 685 4447 sericus,
709 4388 769 4452 quo
792 4390 957 4454 appensum
981 4382 1059 4447 erat,
1082 4381 1188 4437 exstet.
1222 4371 1360 4437 Alterum
1383 4380 1501 4448 autem,
1524 4370 1655 4455 Capituli
1679 4370 1887 4439 Cracorieusis
1909 4370 2039 4454 sigillum

419 4453 458 4520 do
480 4473 548 4537 cere
573 4461 721 4519 vetustate
737 4454 885 4520 exsiccata
906 4465 998 4540 atquc
1020 4456 1103 4520 arida
1127 4455 1244 4520 sufflavi
1268 4456 1378 4520 coloris
1400 4455 1581 4540 oblongum,
1602 4453 1801 4541 funiculoque
1823 4456 1921 4521 serico
1944 4454 2040 4518 rubeo

420 4557 601 4620 appensum,
638 4536 709 4604 licet
730 4538 767 4602 ab
790 4539 851 4602 imo
875 4548 907 4604 et
928 4561 945 4604 u
969 4544 1103 4625 margine
1124 4542 1258 4616 laesum,
1294 4539 1375 4604 clere
1397 4548 1499 4604 tamen
1523 4540 1681 4604 ecclesiam
1704 4547 1924 4624 repraesentat,
1961 4557 2041 4622 queo

420 4623 611 4686 contabulatu
634 4621 710 4688 turri
734 4643 751 4688 a
774 4623 911 4700 sinistra,
930 4623 1021 4708 janua
1046 4643 1117 4690 vero
1139 4624 1225 4709 quusi
1249 4623 1501 4710 palmaquudam
1518 4631 1677 4700 exornata,
1701 4625 1731 4689 in
1747 4625 1845 4688 media
1860 4631 1961 4705 parte,
1983 4643 2042 4686 nec

420 4708 485 4768 non'
505 4725 595 4786 parra
618 4728 706 4771 eruce
729 4707 758 4772 in
781 4707 885 4772 dextra
908 4708 979 4771 tecti
1003 4729 1070 4782 orn,
1110 4709 1251 4772 instructa
1275 4716 1330 4772 est
1373 4709 1511 4772 Alterum
1533 4709 1640 4772 eadem
1665 4729 1756 4773 manu
1778 4709 1923 4793 scriptum
1948 4713 1978 4768 et
1999 4705 2041 4769 illi
2131 4709 2136 4718 '

420 4788 572 4874 persimile
589 4790 784 4874 archetypum
797 4791 968 4875 exenrplum
983 4791 1263 4870 membranaceum,
1280 4794 1308 4856 in
1322 4790 1472 4856 tabulario
1489 4791 1725 4876 hypothecarum
1739 4792 1930 4857 Crecuviensi
1943 4810 2040 4854 asser·

420 4880 514 4939 ratur.
553 4874 732 4938 Monasterii
748 4875 872 4940 fratrum
896 4876 1166 4940 Dominicanorum
1191 4876 1397 4941 Cracnviensis
1413 4875 1619 4941 fundationem
1637 4898 1690 4962 per
1704 4879 1827 4954 lronern
1843 4875 2041 4960 Episcopum,
2138 4897 2142 4906 ’

296 5030 302 5038 ,
423 4957 606 5043 Dlugossius
623 4958 659 5021 ad
676 4977 788 5022 aunum
806 4961 886 5024 1222
901 4960 1002 5026 refert.
1017 4961 1081 5025 Lib.
1103 4961 1155 5026 Vl.
1177 4981 1207 5045 p.
1228 4961 1300 5025 out.
