4788 5926
1008 751 1283 826 -111-

331 950 616 1040 considerantes
647 950 804 1036 salutem
836 949 958 1037 anime
989 963 1118 1038 nostre
1146 965 1183 1037 et
1202 941 1409 1086 proiectum
1437 979 1484 1038 ac
1514 952 1792 1068 promocionem
1823 951 1959 1041 domus

330 1086 443 1187 utque
475 1069 621 1185 cenobij
650 1067 705 1154 de'
724 1063 1025 1180 Innromooicff),
1057 1068 1299 1154 concedmus
1331 1084 1368 1155 et
1388 1068 1574 1155 donamus
1605 1069 1654 1154 de
1675 1083 1804 1157 nostra
1825 1071 1959 1187 gracia

330 1187 496 1304 speciali,
517 1189 555 1274 in
574 1185 741 1302 presenti
760 1186 902 1301 scripto
924 1184 1209 1291 confirmanms,
1229 1185 1331 1304 quod
1350 1186 1576 1304 Propositus
1597 1185 1854 1291 'lbrebeclaus
1875 1218 1960 1274 oum

329 1305 526 1394 sororibus
547 1319 583 1390 et
603 1302 893 1390 successoribus
912 1302 1070 1420 predicti
1091 1303 1248 1406 cenobii,
1269 1318 1382 1422 atque
1403 1303 1625 1391 Advocatus
1647 1304 1696 1390 de
1718 1303 1959 1417 removatt)

329 1437 368 1508 et
387 1423 445 1509 sui
466 1419 628 1539 postem,
660 1433 904 1507 memoratam
933 1419 1060 1507 villam
1089 1419 1333 1509 Tharnovam
1364 1429 1448 1507 c'um
1476 1422 1651 1510 'omnibus
1672 1423 1751 1508 suis
1773 1419 1902 1526 usibus
1923 1438 1961 1510 et

328 1540 568 1657 pertinencijs
599 1537 855 1625 inviolabiliter
880 1552 1066 1742 pprpetuo
1094 1537 1317 1672 possideant
1337 1540 1416 1624 iure
1438 1538 1673 1645 theutonico,
1705 1538 1767 1624 tali
1788 1539 1961 1627 videlicet

329 1655 505 1752 modoet
525 1655 759 1760 condicione,
785 1685 860 1773 quo
915 1657 1158 1744 wouoiorensns
1178 1657 1311 1743 civitas
1325 1688 1377 1765 so
1398 1656 1503 1774 privii
1569 1665 1630 1742 ata
1652 1687 1739 1743 esse
1760 1656 1903 1774 gaudet
1923 1669 1961 1744 et

328 1772 463 1866 locata.
514 1774 685 1890 Denique
702 1787 845 1862 autem.
867 1773 1021 1892 dignum
1040 1774 1259 1878 statuimus,
1289 1803 1360 1864 eos
1379 1804 1414 1862 a
1434 1687 1630 1862 cuiublibet
1650 1774 1902 1862 mrtsuteunoe
1922 1789 1961 1862 et

328 1890 566 2010 predominio
593 1889 871 1997 absolvendos3
902 1893 952 1982 ita
980 1892 1090 2008 pboe
1109 1892 1307 2009 etplcne,
1340 1891 1441 2010 quod
1469 1890 1591 1979 nullus
1612 1894 1763 1978 omnino
1782 1891 1831 1978 ad
1854 1893 1961 2009 ipsos

329 2007 378 2096 de
399 2023 526 2096 cotem
546 2009 686 2098 babeat
704 2023 919 2126 respectum
939 2009 1102 2128 aliquem
1121 2009 1318 2114 iudicandi,
1338 2009 1533 2098 velocium
1553 2009 1603 2096 ad
1620 2010 1961 2127 ipsorumsuccee-

328 2154 449 2216 sores
498 2123 551 2217 Et
579 2157 628 2214 ue
655 2125 888 2242 procedente
918 2140 1087 2244 tempore
1115 2128 1299 2330 quispiam
1326 2155 1423 2214 ausu
1451 2129 1648 2215 temerario
1673 2126 1831 2232 ductus,
1860 2125 1962 2214 banc

328 2256 459 2332 nostre
479 2242 765 2338 deliberacionis
787 2246 886 2360 piam
907 2243 1128 2331 donacionis
1149 2275 1198 2333 vo
1215 2257 1382 2332 untetem‘
1398 2243 1524 2330 valeat
1544 2245 1764 2361 infringere,
1801 2274 1963 2360 presens

329 2361 401 2458 eis,
414 2361 594 2478 scripturn
625 2391 740 2478 super
762 2361 837 2448 hoc
855 2362 1068 2448 coniectum
1099 2361 1135 2447 in
1150 2362 1372 2448 memoriam
1404 2375 1441 2447 et
1461 2362 1708 2448 testimonium
1728 2360 1961 2466 indulsimus,

196 2573 201 2580 ,
328 2480 447 2576 nostri
467 2477 579 2596 sigilli
599 2479 798 2564 munimine
818 2477 1048 2567 roboratum.
1094 2479 1137 2564 Si
1157 2479 1243 2606 quis
1262 2491 1386 2564 autem
1406 2478 1513 2592 ipsos
1532 2493 1594 2564 eut
1615 2478 1782 2594 ipsorum
1803 2507 1961 2564 succes-

328 2625 442 2686 sores
459 2597 621 2716 fatigare
641 2625 756 2710 super
774 2595 850 2684 hoc
869 2595 1149 2713 presumpserit,
1180 2596 1285 2699 sciat,
1307 2625 1351 2682 se
1370 2593 1672 2712 indignacionem
1694 2595 1794 2681 ontni
1823 2595 1961 2682 otentis

329 2713 390 2800 dei
410 2729 448 2800 et
467 2729 634 2812 nostram
655 2712 869 2812 incurrisse.
909 2714 1046 2800 Actum
1067 2712 1215 2830 publice
1236 2713 1272 2798 in
1296 2715 1487 2809 Crucom‘n,
1515 2741 1616 2800 auno
1637 2710 1779 2799 domini
1839 2717 1854 2749 ⁰
1877 2711 1961 2798 CC⁰

328 2827 504 2918 LXXlX⁰
534 2830 628 2918 teria
658 2845 791 2948 quarta
820 2830 990 2947 proxima
1021 2844 1110 2945 post
1139 2827 1237 2948 diem
1267 2828 1368 2916 beati
1402 2829 1600 2916 Michaelis
1626 2827 1868 2948 Archangeli
1885 2826 1962 2938 (⁴),

329 2948 568 3066 presentibus
589 2947 680 3065 hijs:
715 2946 862 3036 Comite
889 2947 1057 3037 Sulconc
1083 2947 1273 3036 Pincerna
1302 2945 1568 3054 Cracoviensi,
1598 2945 1661 3062 qui
1681 2947 1789 3033 buius
1809 2947 1960 3062 negocij

329 3066 469 3152 exstitit
499 3064 712 3170 ordinator,
749 3065 894 3154 Comite
923 3064 1136 3152 Laurencio
1169 3065 1391 3152 Carterario
1419 3063 1570 3151 domine
1599 3063 1784 3170 Ducisse,
1811 3061 1962 3150 Comite

330 3179 577 3272 Wirchoslao
598 3181 780 3300 Dapiiero
803 3183 1068 3288 Cracoviensi‚
1101 3181 1248 3271 Comite
1267 3179 1428 3270 Nicoiao
1450 3183 1679 3270 Tezaurario
1702 3181 1960 3294 Croooviensi,

332 3301 478 3391 Comite
502 3299 726 3388 Golucbooe
747 3299 898 3416 Damny
919 3301 1012 3412 (sio),
1033 3315 1070 3388 et
1089 3299 1251 3388 lmramo
1270 3301 1386 3388 tratre
1407 3299 1574 3386 eiusdem
1594 3300 1783 3394 Sulconis.
1819 3297 1966 3384 Datum'

329 3448 399 3534 per
417 3448 570 3509 manum
588 3417 728 3509 domini
748 3417 1000 3534 Twardoslaij
1022 3416 1318 3532 Subcaueetlarij
1340 3418 1443 3503 curie
1463 3430 1604 3503 nostre.

444 3735 458 3773 ²
477 3713 483 3735 ¹
500 3729 725 3796 Imbromowicc
738 3729 806 3797 vilia
820 3729 1000 3820 parochialis
1016 3730 1048 3797 in
1063 3728 1247 3796 Olcussicosi
1262 3729 1418 3798 territorio
1434 3736 1465 3795 et
1477 3729 1612 3830 regiona
1643 3713 1657 3732 ⁷

376 3823 379 3830 '
422 3842 426 3850 ·
444 3819 458 3858 ²
501 3815 654 3881 Torncuo
668 3815 737 3882 vitta
753 3815 915 3903 parochiae
928 3815 1216 3895 Imbromom'censic,
1231 3813 1435 3882 Olcussieosis
1450 3807 1593 3883 terirtorii
1609 3819 1640 3881 ct
1654 3813 1958 3901 regionis—Nomen

330 3900 478 3978 Advocati
492 3899 704 3966 Tmoerieosis
718 3900 837 3967 silentio
852 3901 1050 3984 praeteritum
1065 3906 1121 3968 e‘st
1658 3918 1663 3928 “
1831 3920 1835 3926 ·
1871 3951 1873 3958 ,

331 4067 359 4135 v
432 3983 469 4084 (⁴)
500 3991 592 4138 Apro
616 3985 707 4054 tato.
731 3983 797 4052 dico
821 3983 868 4084 8²?
892 3984 1035 4086 Micbacli
1056 3985 1303 4066 sacrosancto
1323 3984 1508 4054 seruatas.
1531 3983 1644 4084 mansio
1665 3982 1870 4069 Septembris,
1894 3983 1969 4068 dies¹

360 4089 457 4137 encru
471 4089 522 4138 cra
