4788 5926
1070 683 1257 791 1-‘so
1313 709 1366 770 -’

327 933 331 936 ’
420 923 689 1039 probacionum
711 921 820 1036 copia
839 923 969 1037 sepius
990 920 1228 1025 subtrabitur,
1250 933 1287 1005 et
1306 920 1446 1006 veritas
1468 917 1670 1024 ocultatur,
1701 935 1912 1036 presentem
1933 923 2045 1040 pagi-

405 1070 507 1154 nam
544 1043 577 1126 in
613 1038 722 1155 hujus
759 1039 813 1122 rei
848 1054 1066 1156 perpetuam
1103 1038 1319 1124 memoriam
1362 1036 1471 1152 sigilli
1507 1039 1626 1140 nostri
1662 1053 1856 1124 carectere
1890 1039 2046 1125 fecimus

420 1160 603 1245 roborari.
656 1157 754 1242 Acta
784 1172 907 1242 autem
940 1172 1026 1242 sunt
1056 1156 1127 1241 hec
1156 1158 1194 1241 in
1214 1153 1467 1264 Kczirm‘r(⁴),
1498 1156 1534 1240 in
1555 1153 1615 1240 die
1635 1153 1795 1242 Vadasti
1816 1172 1853 1244 et
1872 1154 2045 1259 Amandi,

400 1275 523 1386 ,Vllr
550 1275 639 1360 ldus
666 1273 698 1358 F
702 1272 873 1360 ebruarii.
928 1273 1191 1360 presentibus:
1225 1271 1369 1358 Comite
1400 1273 1557 1390 Setegio
1588 1272 1777 1378 Palatino,
1807 1274 2045 1390 Dirsicragio

420 1393 720 1495 Subcamerario,
744 1393 941 1501 predictis,
964 1392 1115 1478 domino
1137 1389 1307 1475 Arnoldo
1330 1389 1478 1478 Abbatc
1499 1390 1548 1476 de
1577 1385 1794 1500 Vitooa'o(⁵)‚
1817 1390 2045 1509 Boguzlavo

420 1511 698 1626 Subpincerna,
735 1508 935 1594 Bernardo
964 1507 1216 1624 Subdapilero
1238 1521 1274 1592 et
1293 1506 1437 1623 loseph
1459 1509 1642 1622 scriptore
1663 1505 1829 1626 ejusdem
1852 1508 2045 1626 privilegii.

419 1630 532 1714 rlnno
552 1627 690 1713 domini
712 1625 768 1710 lll⁰
790 1627 872 1710 CC⁰
893 1625 1134 1742 sexagesimo
1155 1627 1285 1740 primo,
1307 1624 1522 1712 indiccione
1542 1622 1706 1736 lurp).

521 1945 559 2028 (⁴)
589 1943 760 2007 Kozimv'erz
774 1942 919 2038 oppidum
936 1941 1107 2026 parochiale
1123 1941 1159 2006 ad
1176 1944 1290 2008 Netum
1307 1943 1441 2018 lluvium,
1464 1941 1607 2005 territorii
1623 1941 1838 2018 Laooioiensis‚
1862 1941 2047 2026 Zgiersensis

420 2027 561 2112 regionis,
577 2048 594 2091 a
609 2024 819 2091 Baldriobovra
835 2025 961 2109 aliisquo
977 2027 1151 2091 monasterii
1167 2027 1381 2110 Sulojovicnsis
1397 2025 1486 2092 bonis
1501 2045 1561 2090 noo
1577 2026 1667 2108 longe
1682 2032 1845 2098 remotum.

481 2186 486 2204 ἢ
522 2111 561 2194 (⁵)
590 2109 657 2175 vm.
673 2109 709 2173 ad
726 2109 857 2194 privileg.
872 2109 928 2176 ΝΜ
945 2109 995 2174 Vl.
1011 2110 1221 2194 praemissum,
1237 2112 1464 2175 annotationem
1480 2108 1653 2174 sacuodam.

522 2193 562 2277 (ὓ)
590 2194 694 2260 Litora
708 2194 883 2260 ludioticnis
898 2194 1066 2273 Romanae,
1082 2203 1163 2261 r'cete
1178 2195 1308 2262 indicata
1324 2202 1381 2259 est
1422 2261 1427 2274 ,

479 2679 484 2687 ἢ
1073 2589 1076 2598 ·
1208 2521 1263 2634 la·

447 2757 457 2773 ’
540 2781 879 2875 ὒναοουίαο,
905 2796 1060 2863 ummo
1086 2773 1243 2894 1262
1268 2777 1361 2860 dte
1386 2775 1469 2862 ³⁰
1495 2801 1568 2862 ιιι.
1596 2753 1947 2882 sonamite.

475 2977 479 2984 “
506 2981 771 3052 Boleslaus
785 2978 890 3062 dictus
904 2978 1036 3052 rouen
1049 2975 1120 3049 Dux
1135 2977 1303 3051 cracoviae
1320 2979 1354 3050 ct
1368 2977 1588 3067 tundorniriac¹
1602 2980 1764 3072 privilegia
1778 2982 1968 3056 manubrio

572 3080 824 3156 dbtcrcicusiuu
839 3079 1043 3174 sulojovicuvi
1057 3080 1097 3150 vt
1112 3097 1173 3153 avo
1189 3095 1247 3150 suo
1262 3084 1296 3152 ot
1309 3083 1398 3172 patro
1413 3079 1487 3152 olim
1501 3080 1660 3170 impertita
1674 3081 1896 3168 coudrmvttd.

523 3303 566 3388 ln
587 3303 735 3390 nomine
757 3318 912 3389 sanctae
934 3297 971 3387 et
985 3299 1199 3387 individuae
1215 3301 1391 3405 trinitatis
1413 3329 1532 3410 omen.
1567 3301 1756 3415 Quoniam
1775 3331 1870 3420 quae
1886 3295 2051 3418 aguntur

421 3427 457 3510 in
485 3437 652 3537 tempore
674 3422 782 3508 etiam
804 3451 888 3506 cum
910 3436 1077 3535 tempore
1098 3416 1319 3539 dilabuntur,
1341 3418 1462 3506 solers
1482 3420 1690 3506 mortalium
1706 3419 1937 3536 providentia
1953 3418 2051 3506 lacta

325 3581 331 3594 ·
421 3571 491 3632 sua
513 3541 709 3626 consuevit
724 3540 893 3658 apicibus
908 3565 1129 3654 perennare.
1153 3533 1191 3622 N
1195 3525 1337 3625 ove'rint
1353 3537 1463 3657 igitur
1476 3549 1551 3622 tam
1568 3552 1788 3655 praesentes
1804 3567 1915 3654 quam
1931 3537 2051 3645 luturi,

422 3657 524 3778 quod
543 3687 614 3742 nos
630 3656 833 3744 Boleslaus
849 3658 910 3741 dei
926 3657 1050 3772 gratia
1071 3652 1158 3739 Dux
1180 3656 1392 3743 Cracoviae
1409 3669 1446 3742 et
1461 3654 1733 3760 Sandomiriae,
1754 3652 2050 3759 considerantes,

422 3807 535 3895 quam
570 3773 724 3888 speciali
755 3772 1021 3890 praerogativa
1053 3769 1280 3875 dilectionis,
1315 3774 1400 3885 piae
1422 3772 1695 3860 recordationis
1726 3774 1814 3862 Dux
1846 3771 2051 3863 Casimirus

422 3925 518 3982 avus
539 3907 685 3996 noster,
717 3906 754 3978 et
773 3889 892 3983 felicis
915 3886 1115 3972 memoriae
1136 3892 1223 3975 Dux
1243 3887 1396 3977 bestico
1416 3901 1525 4003 pater
1545 3906 1691 3992 noster,
1723 3889 1873 3978 domum
1896 3904 2051 3975 sanctae

424 4012 570 4098 Mariae
586 4012 781 4128 sanctique
798 4007 969 4094 Thomae
986 4005 1034 4090 de
1049 4005 1187 4116 Syte‘oro
1206 4005 1409 4110 dilexerint,
1426 4032 1555 4094 eorum
1568 4008 1737 4123 vestigiis
1753 4038 1823 4123 pro
1838 4007 2049 4098 devotionis
2079 4013 2082 4016 ’

424 4129 561 4212 ellectu
582 4130 774 4246 cupientes
799 4126 1014 4228 inhaerere,
1048 4122 1225 4241 quidquid
1252 4122 1288 4207 in
1309 4153 1438 4210 eorum
1467 4125 1669 4241 privilegiis
1696 4121 1795 4212 dotis
1816 4141 1853 4210 et
1872 4123 2050 4211 libertatis

425 4244 651 4359 reperimus,
683 4277 728 4330 oa
758 4260 836 4331 tato
864 4259 1045 4361 tempore.
1062 4257 1268 4358 oportuno,
1300 4242 1507 4330 studuimus
1532 4256 1810 4345 renovare,;et
1829 4241 2050 4329 renovando

423 4359 658 4448 confirmare.
709 4277 803 4446 Eliat
824 4378 947 4448 autem
969 4361 1201 4478 privilegium
1217 4362 1297 4475 jam
1320 4357 1406 4447 dicti
1436 4359 1607 4448 Casinuri
1627 4358 1688 4446 avi
1709 4360 1827 4450 nostri
1848 4359 1897 4446 de
1918 4358 2049 4446 lunda-

429 4483 528 4566 tione
549 4478 764 4564 monasterii
787 4476 989 4590 supradicti
1013 4480 1102 4564 tale:

498 4843 504 4856 .
525 4761 567 4844 (¹)
596 4741 644 4824 lix
668 4761 860 4847 apographo,
883 4760 966 4843 quod
990 4758 1099 4824 olibro
1122 4763 1300 4829 donationes
1323 4761 1469 4829 ecclesiae
1492 4760 1744 4846 metropolitanae
1766 4760 1934 4830 Gocsneosi
1956 4759 2051 4827 lactas

424 4853 608 4921 continente,
625 4845 653 4908 in
670 4847 819 4912 tabulario
835 4845 956 4931 capituli
972 4844 1107 4932 ejusdem
1123 4850 1266 4914 ecclesiae
1282 4855 1443 4923 asservato,
1458 4845 1643 4930 descriptum
1659 4855 1737 4922 erat.
