4800 5942
1016 718 1378 830 -arcs

184 913 193 920 ’
346 935 403 1009 teu
423 919 607 1037 prolatum
626 918 779 1008 trabam
799 927 969 1006 nostrum
999 917 1146 1008 Ducem
1175 917 1359 1040 Magnum
1393 920 1695 1056 Sigismundum,
1717 901 1921 1041 reciproca
1940 939 1979 1014 et

344 1039 508 1128 isauron
528 1035 793 1141 vicissitudine,
820 1034 869 1123 de
892 1037 976 1154 pari
995 1037 1221 1139 asmsbucia
1242 1037 1403 1126 reddere
1419 1067 1649 1146 .cercrorem;
1669 1069 1764 1157 pura
1784 1058 1919 1148 mente,
1941 1059 1979 1132 et

344 1153 581 1244 irrevocabili
611 1153 807 1272 firmaque.
824 1167 871 1247 st¹
887 1153 1086 1267 inviolabili
1116 1157 1343 1271 sponsione,
1372 1187 1422 1250 ,ex
1450 1169 1553 1244 certa
1581 1171 1711 1245 nostre
1744 1159 1910 1248 sciencia
1940 1174 1979 1249 et

343 1288 492 1360 matura
511 1269 809 1372 deliberacione,
836 1272 1102 1392 voluntateque
1122 1267 1306 1379 olbonee,
1327 1303 1403 1361 noo
1424 1273 1624 1390 compulsi,
1645 1289 1721 1362 oon
1742 1277 1882 1381 coacti,
1902 1307 1976 1372 seu
2056 1331 2057 1335 κ

344 1390 471 1508 aliquo
507 1417 639 1477 errore
674 1388 841 1493 seducti,
874 1417 968 1506 nos,
1007 1390 1188 1509 Regnum
1224 1405 1261 1477 et
1296 1393 1468 1479 Corona:
1488 1391 1616 1510 Regni
1651 1393 1769 1482 uostn
1804 1392 1977 1500 Polouie,

344 1507 589 1628 proruittimus
619 1535 690 1624 pro
721 1506 849 1611 nobis,
883 1507 1000 1614 natis,
1031 1507 1321 1597 successoribus
1352 1525 1389 1598 et
1420 1509 1579 1598 Cornua·
1605 1509 1763 1614 nostra,
1799 1525 1836 1598 et
1862 1511 1977 1604 literis

344 1623 583 1744 presentibus
597 1623 806 1712 mamus:
828 1621 946 1738 Quod
959 1626 1081 1743 ipsum
1102 1625 1297 1716 domium
1311 1625 1597 1746 Sigismuudum
1614 1625 1797 1746 Magnum
1818 1626 1977 1734 Ducam,

343 1771 393 1832 ao
411 1741 708 1862 Mogoiducotus
727 1743 872 1830 incolas
892 1757 931 1830 et
949 1743 1142 1850 subditos,
1174 1743 1352 1832 deserere
1373 1774 1449 1833 non
1470 1743 1673 1850 debemus,
1704 1744 1774 1832 sed
1796 1747 1867 1850 eis,
1897 1762 1976 1836 toto

315 1939 319 1946 ,
397 1890 463 1948 sse
486 1871 525 1946 at
544 1859 704 1964 viribus,
735 1873 953 1949 constanter
981 1862 1182 1968 assistere,
1213 1875 1251 1950 et
1282 1891 1351 1950 eos
1381 1876 1514 1952 cooua
1544 1860 1701 1948 insultus
1757 1862 1997 1952 uorumtibu'

434 1977 534 2063 iuum
554 1978 783 2083 vivencium,
804 1979 1072 2096 cuiuscumque
1092 1979 1251 2098 gradus,
1272 1991 1402 2084 status,
1424 1976 1669 2098 condicionis,
1689 1893 1978 2069 valentinensis

246 2167 249 2172 ,
345 2095 497 2197 luerint,
528 2093 720 2182 adiuvare.
778 2091 939 2212 Nosque
969 2111 1007 2184 et
1026 2125 1273 2184 successores
1303 2098 1443 2200 nostri,
1474 2126 1549 2184 non
1582 2095 1763 2184 debemus
1793 2098 1977 2215 prelatum

344 2211 533 2300 domiuum
555 2210 838 2348 Sigismuudum
857 2213 1004 2302 Ducem
1020 2211 1215 2331 Magnum,
1237 2227 1275 2300 at
1288 2244 1381 2302 suos
1398 2213 1666 2319 successores,
1679 2215 1832 2302 racione
1850 2215 1976 2304 huius-

344 2327 446 2416 modi
466 2327 641 2445 subsidiJ,
661 2358 731 2446 pro
752 2327 1050 2448 quibusdamque
1070 2329 1243 2446 dampnis
1263 2359 1490 2438 ammonere:
1512 2332 1679 2446 exceptis
1699 2331 1920 2420 victualibus
1940 2346 1978 2419 et

343 2445 492 2562 pabulis
522 2475 705 2562 equorum
735 2447 957 2563 opportunis
986 2459 1025 2532 et
1042 2448 1283 2562 uecessorijs.
1338 2445 1390 2531 Et
1416 2449 1569 2563 insuper
1595 2446 1764 2534 volentes
1790 2450 1976 2564 prelatum

344 2563 497 2650 lustrem
517 2577 707 2668 nostrum,
737 2560 883 2648 Ducem
903 2560 1088 2696 Magnum
1110 2561 1410 2679 Sigismuudum,
1437 2561 1592 2678 speciali
1612 2564 1745 2680 gracia
1767 2578 1804 2650 et
1823 2565 1978 2652 caritate

343 2681 509 2768 balerna
539 2678 713 2796 amplecti
743 2691 781 2766 et
800 2677 1010 2766 consolari:
1047 2675 1227 2796 quodque
1261 2707 1356 2798 erga
1391 2707 1463 2766 nos
1494 2679 1715 2768 lerveucicri
1751 2679 1978 2769 exardescat
2051 2768 2057 2777 ,

344 2795 432 2902 lide,
452 2811 566 2914 atque
585 2795 772 2884 bonitatee
797 2796 918 2913 ipsura
939 2793 974 2882 io
996 2799 1140 2912 parte'm
1162 2787 1419 2884 sollicitudinis
1439 2809 1655 2884 asumentes
1676 2789 1772 2908 (sic),
1791 2795 1978 2915 Magnum

278 2931 285 2939 ’
344 2912 534 3000 [iocatum
553 2913 754 3004 Terrarum
777 2923 989 3001 uosbarum
1011 2909 1220 3001 Littbvauie
1241 2927 1279 3000 et
1296 2911 1458 3017 Russie,
1484 2925 1773 3033 ceterorumque
1793 2913 1997 3024 dominio-x

345 3058 427 3116 rum
448 3028 620 3116 Ducatus
641 3028 809 3148 predicti,
830 3044 868 3116 et
887 3043 1018 3116 nostra
1036 3029 1137 3116 bona
1153 3045 1322 3145 paterna,
1342 3027 1526 3117 videlicet:
1551 3035 1712 3132 Wetoum,
1735 3045 1772 3118 et
1786 3030 1858 3116 elia
1874 3031 1977 3120 bona

346 3144 397 3232 ed
417 3159 585 3233 nostrrrm
614 3145 873 3260 patrimonium
894 3147 1131 3263 speetaocia:
1162 3144 1210 3234 de
1230 3161 1376 3234 matura
1395 3161 1525 3234 nostra
1545 3145 1842 3250 deliberacione,
1873 3149 1977 3235 circa

345 3262 463 3380 ipsius
495 3261 725 3350 eleccionem
754 3259 987 3380 Principum,
1018 3263 1277 3368 Prolatorum,
1307 3260 1504 3352 Beronum
1535 3275 1572 3350 et
1602 3264 1758 3350 eliorum
1788 3261 1976 3352 Nobilium

345 3394 587 3515 utrorumque
609 3378 867 3485 dominiorum,
887 3379 1070 3468 videlicet·
1090 3380 1220 3500 Regni
1238 3380 1398 3470 Polonia
1419 3396 1460 3468 et
1476 3380 1645 3468 Ducatus
1665 3379 1799 3500 Magni
1818 3380 1975 3468 Littwa-
2039 3451 2048 3456 -

346 3497 426 3601 uie,
456 3496 582 3584 habito
611 3498 713 3586 iuxta
733 3498 1004 3599 continenciam
1025 3498 1233 3604 literarum,
1261 3528 1378 3616 super
1397 3497 1599 3586 eleccione.
1609 3495 1819 3586 huiusmodi
1838 3495 1976 3603 suenda,

345 3614 439 3702 ulios
466 3615 741 3702 confectorum:
772 3613 908 3704 darum
937 3629 977 3704 et
1006 3615 1230 3722 conterimus
1261 3615 1332 3704 sibi
1360 3614 1412 3703 ad
1443 3630 1613 3730 tempora
1642 3616 1718 3712 vite
1747 3643 1836 3701 sue:
1872 3614 1976 3701 titulo

345 3729 547 3850 Suppremi
567 3730 806 3847 Principatus
827 3730 1045 3836 Littvvauia,
1063 3750 1153 3850 'quo
1173 3733 1225 3820 uti
1245 3733 1531 3834 consuevimus,
1555 3759 1626 3848 pro
1647 3733 1757 3820 nobis
1778 3746 1815 3818 et
1835 3731 1975 3820 nostris
2004 3731 2008 3740 ’

345 3849 634 3938 successoribus
664 3863 879 3948 reservato:
915 3879 1000 3936 oum
1032 3848 1204 3937 omnibus
1232 3851 1360 3954 terris,
1391 3849 1548 3954 castris,
1579 3850 1805 3952 civitatibus,
1841 3846 1976 3966 opidis,

344 3965 592 4072 districtibus,
622 3967 756 4083 ourijs,
777 3966 892 4072 villis,
916 3979 955 4054 et
974 3965 1146 4056 omnibus
1165 3967 1380 4056 utilitatibus
1401 3964 1453 4054 ad
1472 3995 1519 4054 ea
1539 3965 1816 4100 spectantibus,
1847 3980 1884 4052 et
1903 3965 1976 4054 sub

237 4111 240 4116 ·
344 4083 487 4171 eisdem
503 4083 675 4172 limitibus
692 4099 729 4172 et
743 4084 941 4204 gradibus,
955 4082 1064 4172 siard
1079 4083 1163 4195 (sic)
1179 4082 1312 4174 eadem
1328 4086 1402 4202 pije
1418 4113 1596 4170 memorre
1612 4080 1784 4170 domiuus
1801 4079 1976 4170 Allexao-

345 4197 416 4304 dcr
434 4197 529 4287 alias
549 4199 771 4288 Witowdus
791 4200 876 4288 olim
897 4199 1065 4336 Magnus
1083 4199 1172 4288 Dux
1193 4202 1354 4290 tenebat
1408 4197 1477 4304 Et,
1502 4200 1535 4289 si
1554 4199 1650 4287 inter
1669 4197 1841 4291 subditos
1860 4228 1977 4316 super

344 4313 556 4405 huiusmodi
690 4316 788 4433 'oijs,
825 4317 886 4408 vel
919 4318 1004 4435 aliJs
1039 4319 1166 4408 causis
1204 4317 1334 4437 Regni
1368 4315 1528 4403 Polonie
1563 4329 1600 4402 et
1636 4313 1771 4436 Magni
1794 4317 1975 4404 'Ducatus

343 4432 552 4540 Littwania,
573 4433 702 4549 a'qua'
717 4433 864 4552 questio
885 4462 954 4521 seu
974 4433 1147 4524 dubletus
1168 4435 1337 4524 oriretur:
1358 4431 1673 4551 quemadmodum
1694 4435 1731 4522 iu
1750 4435 1826 4522 vita
1841 4433 1976 4552 prelati
2040 4509 2044 4517 .
2113 4475 2136 4520 .-

344 4547 466 4640 Duois
494 4551 640 4640 luerat
666 4564 818 4640 exuta:
848 4549 900 4639 ad
920 4550 1049 4640 literas
1075 4565 1116 4638 et
1132 4551 1168 4638 le
1211 4551 1312 4638 ttima
1342 4549 1588 4658 documenta,
1619 4581 1667 4638 ex
1686 4566 1846 4670 utraque
1865 4564 1976 4668 parte

343 4665 603 4788 producenda,
622 4681 856 4776 recurvatum
876 4666 914 4758 et
928 4665 1136 4758 secuudum
1151 4581 1294 4760 illrum
1310 4665 1675 4778 determinaciouem,
1694 4668 1780 4756 linis
1795 4665 1975 4786 predictis

319 4823 326 4838 ’
344 4783 603 4905 quatientes
623 4800 661 4877 et
679 4785 810 4904 dubijs
822 4786 1048 4904 impanatum
1094 4785 1185 4908 lpse
1205 4815 1357 4914 quoque
1376 4787 1492 4877 lratm
1511 4799 1659 4896 noster,
1688 4799 1915 4974 uosqeoere
1935 4795 1976 4870 et
2010 4901 2012 4906 Ι
