4870 5948
1100 657 1477 764 -m-L·

757 1077 889 1161 Sine
916 1077 1044 1161 loco
1071 1076 1255 1180 (circa
1280 1097 1492 1162 mmmmm
1516 1076 1698 1180 1212).

420 1281 426 1294 ,
545 1209 673 1285 hantis
686 1210 779 1284 villae
794 1214 964 1279 Statoszow
979 1211 1159 1284 Siarossins
1174 1211 1354 1302 praedictas
1368 1215 1561 1287 monastario
1574 1213 1724 1286 tironensi
1739 1212 1858 1301 tonat(
1865 1214 1898 1299 1).

512 1367 614 1480 Quia
636 1367 798 1455 mundus
819 1382 856 1454 et
877 1397 922 1454 ea
944 1400 1017 1487 que
1038 1367 1165 1454 mundi
1186 1381 1293 1474 sunt,
1330 1368 1474 1454 lubrica
1501 1382 1605 1474 sunt,
1646 1384 1683 1455 et
1696 1370 1827 1456 'omnia
1847 1332 2036 1454 mundrina

409 1487 445 1573 in
480 1485 661 1600 abyssum
706 1487 903 1574 oblivionis
940 1486 1180 1592 evolvuntur,
1225 1501 1426 1604 propterea
1471 1517 1547 1606 ego
1589 1487 1728 1573 Slavos
1764 1489 1799 1573 in
1832 1486 2036 1572 remedium
2100 1535 2103 1541 ·
2173 1513 2181 1528 ⁴

408 1605 532 1692 animo
553 1634 658 1706 mec,
689 1606 817 1690 uxoris
853 1635 958 1709 mee,
989 1606 1230 1722 parvulorum
1267 1618 1304 1688 et
1335 1607 1497 1692 omnium
1529 1607 1822 1723 propinquorum
1857 1635 2035 1710 meorum,

407 1721 540 1834 predia
562 1721 609 1808 de
628 1727 811 1807 Stoocscc
833 1737 869 1806 et
890 1751 974 1807 cum
995 1723 1170 1808 omnibus
1190 1711 1515 1838 pertinentiisque
1530 1753 1614 1808 cuin
1632 1722 1813 1824 ccclesia,
1846 1735 2036 1808 monaste-

408 1839 465 1924 rio
487 1850 617 1924 sancte
637 1838 758 1926 blarie
780 1839 829 1926 de
851 1846 975 1924 Busic
1000 1842 1118 1926 ollem
1140 1855 1323 1957 perpetuo
1345 1840 1601 1928 hereditanda.
1632 1837 1682 1924 Et
1698 1871 1745 1926 ne
1767 1841 1900 1956 aliquis
1922 1869 2037 1957 snper

408 1955 537 2048 booin
559 1961 750 2072 posterum
772 1957 969 2074 malignari
990 1961 1136 2073 possit,
1173 1959 1244 2043 sub
1281 1959 1407 2076 sigillo
1439 1957 1578 2043 domini
1613 1955 1732 2044 Ducis
1767 1955 1968 2042 Lestoonis
1999 1971 2037 2042 et
2137 1957 2140 1963 ’

409 2073 707 2160 εὶυεΒετοηυιη
729 2104 940 2189 congruum
962 2074 1049 2160 duxi
1072 2075 1298 2180 roboranda.
1346 2075 1482 2162 Testes
1504 2077 1611 2163 buius
1633 2072 1847 2160 donationis
1869 2075 1916 2189 bij
1939 2090 2036 2162 sunt:

406 2188 581 2276 dominus
611 2188 698 2275 Dux
719 2187 881 2292 Leston,
902 2189 1115 2276 Pacoslaus
1136 2189 1332 2276 Palatinus
1354 2187 1421 2300 (2),
1459 2191 1580 2276 Ostas
1603 2190 1841 2276 Castellanus
1859 2187 1930 2300 (³),
1966 2190 2035 2279 lvo

408 2307 678 2408 Cancellarius,
698 2306 887 2422 Magister
905 2305 1046 2393 Petrus
1058 2303 1122 2416 (⁴¹),
1154 2305 1314 2393 Strezco
1337 2306 1514 2418 Gnys(?)‚
1533 2305 1697 2410 Paulos,
1718 2306 1886 2412 Parem,
1906 2307 2035 2412 lesco,

264 2437 270 2445 '
406 2423 644 2542 Dobrogost,
676 2421 870 2509 Martinus

508 2603 547 2686 (¹)
575 2603 623 2668 Ex
637 2602 739 2668 tabula
756 2601 927 2668 authentica
944 2603 1173 2668 membranacea
1189 2603 1261 2668 olim
1278 2599 1452 2668 monasterii
1467 2602 1651 2680 Busoensis‚
1673 2601 1764 2668 bodie
1779 2623 1854 2668 varo
1869 2603 2036 2670 doctissimi

405 2687 625 2772 Strooczyriscii
642 2689 774 2773 propria,
790 2708 869 2773 quae
884 2709 921 2752 ex
936 2688 1033 2752 tribus
1047 2689 1153 2770 sigillis
1170 2709 1250 2754 nunc
1264 2708 1359 2752 unum
1373 2696 1491 2761 tanturn
1508 2687 1662 2753 residuum
1679 2687 1814 2752 laniculo
1829 2690 1926 2754 serico
1941 2691 2037 2755 rubro
2171 2757 2174 2764 ,

406 2793 573 2858 appensum
589 2772 689 2868 habet,
705 2771 834 2920 effifiens
850 2773 1015 2838 sacerdotis
1027 2769 1171 2848 sedentis,
1187 2773 1270 2838 laeva
1283 2787 1375 2842 manu
1386 2773 1505 2852 librum,
1519 2771 1624 2838 dextra
1635 2774 1721 2858 qnasi
1733 2772 1882 2838 calamum
1895 2774 2036 2852 tenentis,

406 2865 560 2922 asserente
576 2857 730 2942 praedicto
768 2857 923 2920 notissimo
939 2858 1012 2931 viro,
1029 2857 1245 2942 praeseferens.

287 2941 293 2947 ’
507 2942 547 3025 (2)
577 2940 739 3007 Pacoslaus
761 2941 914 3006 Palatinus
937 2941 1146 3007 cracoviensis
1169 2941 1224 3006 luit
1248 2963 1327 3006 anno
1346 2941 1467 3006 lmen
1482 2941 1649 3006 secundum
1664 2941 1800 3006 tabulam
1817 2941 1847 3005 in
1862 2941 2036 3025 supradicto

408 3023 625 3111 Gladyszevicii
641 3045 735 3108 opere
750 3024 925 3092 exhibitam.
1168 3074 1169 3077 ,

521 3108 548 3192 ³)
577 3109 732 3176 Ostassius
755 3109 811 3173 iste
834 3119 995 3194 antequam
1019 3129 1100 3174 anno
1127 3109 1207 3175 1223
1229 3110 1274 3174 vel
1300 3109 1382 3173 rme
1412 3109 1599 3174 Castellanus
1629 3109 1837 3174 cracoviensis
1859 3117 1906 3174 est
1928 3109 2037 3186 lactus,

406 3110 597 3260 castellanus
619 3192 791 3258 Vislicensis
814 3194 929 3271 luerat,
952 3194 1119 3260 secundum
1134 3193 1278 3260 Lcsconis
1292 3193 1362 3258 Albi
1378 3195 1447 3258 anni
1466 3195 1545 3258 mm
1560 3194 1678 3271 literas,
1701 3215 1778 3279 quas
1794 3193 1825 3257 in
1840 3195 2037 3260 annotatione

406 3277 512 3362 qllinto
527 3278 565 3342 ad
582 3277 769 3362 privilegium
784 3277 839 3342 N¹⁰
854 3279 899 3343 lX
914 3279 1109 3361 descriptum,
1123 3279 1436 3343 commemoravimus

486 3362 547 3458 ,(4)
576 3363 702 3458 Petrum
725 3361 805 3458 hunc
823 3382 902 3426 anno
921 3364 1003 3428 1220
1013 3364 1078 3446 jam
1092 3362 1238 3447 dignitate
1258 3362 1373 3428 Decani
1388 3361 1523 3446 gavisum
1539 3381 1625 3439 esse,
1644 3382 1681 3428 er
1696 3368 1876 3446 argumento
1892 3360 2037 3446 privilegii

406 3465 544 3529 proxime
558 3454 712 3530 sequentis
727 3454 900 3530 conjectura
917 3468 1057 3532 auguror.

1178 3638 1256 3753 Xl.

848 3831 1217 3957 (cracoviae)
1246 3853 1402 3920 anno
1426 3832 1595 3922 1220.

478 3961 482 3970 ’
513 3983 854 4062 ΒοοῐοῑππιΜαηΙ
868 3984 1001 4058 Palatini
1016 3985 1229 4060 brennensis
1244 3969 1324 4061 inter
1338 3986 1488 4060 tonitam
1501 3985 1683 4079 suornm
1697 3989 1731 4057 ct
1745 3983 1930 4057 omnnem

454 4121 458 4128 ·
515 4082 749 4158 tirasonensem
768 4086 942 4174 ibericum,
964 4103 1023 4157 nce
1037 4107 1099 4160 nnn
1119 4088 1284 4174 tormen,
1305 4089 1390 4162 ilios
1410 4087 1545 4179 tolanini
1560 4085 1598 4158 ta
1612 4085 1798 4177 paminonio
1813 4102 1928 4176 eornm,

844 4187 921 4260 nilla
936 4187 1060 4260 scilicet
1075 4189 1157 4256 Gten
1173 4189 1275 4281 dicta,
1295 4189 1383 4261 titan
1399 4189 1543 4260 lisinam
1554 4187 1603 4274 (¹).

508 4338 550 4424 ln
573 4342 720 4426 nominc
743 4344 858 4456 patris
880 4356 917 4429 ct
936 4341 999 4428 filii
1016 4356 1054 4429 et
1074 4346 1225 4460 spiritus
1246 4345 1376 4433 sancti.
1408 4345 1519 4429 Anno
1542 4345 1590 4429 ab
1611 4343 1879 4430 incarnacione
1899 4342 2038 4429 domini
2082 4320 2091 4336 ⁸

409 4457 527 4545 nostri
542 4457 635 4543 lesu
654 4457 790 4546 Christi
807 4460 1000 4547 millesimo
1018 4460 1275 4574 ducentesimo
1291 4461 1483 4566 vicesimo,
1502 4461 1696 4578 judicante
1712 4459 1847 4546 llleroo
1863 4459 2037 4550 Palatino
2129 4486 2143 4518 ⁸

507 4655 546 4753 (¹)
576 4657 624 4721 Er
639 4657 824 4753 exemplari,
846 4658 930 4744 quod
951 4658 988 4724 ad
1011 4659 1237 4723 similitudinem
1262 4658 1503 4724 authenticarum
1526 4609 1680 4724 literaruin
1704 4657 1734 4721 in
1757 4655 1879 4753 arob-ivo
1901 4659 2038 4742 quodam

405 4739 527 4888 Hiram
536 4763 568 4806 m
583 4739 708 4892 Galrbm,
722 4751 953 4818 asservetarum,
968 4743 1048 4808 doct
1062 4737 1276 4840 §tronczvnsli
1291 4743 1416 4811 effinxit
1441 4743 1576 4812 Tabulae
1590 4741 1781 4816 authenticae
1795 4741 1926 4824 sigillum
1941 4740 2036 4812 deese

437 4843 575 4902 omncs,
589 4845 640 4910 qm
665 4846 701 4892 us
715 4845 884 4912 appensum
900 4837 973 4906 crat,
988 4827 1071 4894 rubn
1087 4837 1160 4894 sunt
1172 4827 1291 4894 colons.
