4780 5922
1084 723 1153 806 -’
1185 741 1260 826 noe
1316 790 1396 838 -,

1056 992 1062 1002 ’
1121 1001 1323 1147 currui.

581 1305 881 1400 Octauiani,
906 1323 1063 1388 ammo
1090 1299 1236 1386 1353
1264 1302 1316 1386 at.
1345 1299 1425 1386 24
1451 1323 1520 1386 oue.
1547 1303 1869 1388 Februarii.
1903 1247 1906 1254 Ι
1996 1429 1999 1436 Ι

411 1509 697 1588 semowseus
718 1511 788 1582 ltux
806 1506 1029 1592 masoviensis,
1050 1505 1146 1578 uillas
1161 1505 1329 1584 Bomitae,
1352 1505 1504 1572 coneneie
1525 1509 1559 1580 et
1577 1505 1740 1586 ereeooo,
1761 1505 1803 1578 nd
1817 1453 2042 1581 munusteiiuun
2081 1531 2084 1544 ·

562 1614 710 1686 dunense
731 1611 939 1704 pertinentes,
961 1609 1001 1682 ao
1023 1607 1166 1680 emmona
1188 1607 1399 1679 solutionibus
1422 1611 1456 1680 et
1479 1605 1699 1682 enuedouions
1720 1605 1834 1680 iterat
1849 1611 1899 1695 (¹).

509 1837 552 1922 ln
573 1836 722 1922 nomine
742 1832 892 1937 domiui,
914 1837 1043 1920 amen,
1084 1830 1315 1918 Cunctorum
1335 1830 1517 1930 sactorum
1539 1833 1634 1948 perit
1654 1831 1844 1946 memoria,
1865 1831 2044 1920 mutabili·

301 2000 307 2013 ·
410 1969 486 2044 tate
506 1954 685 2070 temporis
706 1953 894 2072 exigente,
914 1950 983 2036 nisi
1005 1948 1200 2065 sollempni
1216 1949 1428 2036 testimonio
1444 1950 1632 2038 literarum
1648 1951 1782 2038 luerint
1797 1949 2042 2068 perhennata.

408 2075 427 2160 i
455 2075 528 2161 itur
557 2072 741 2158 noceant
759 2069 942 2172 uniuersi,
973 2081 1170 2183 presentes
1188 2082 1239 2156 eu
1258 2068 1418 2183 posteri,
1449 2097 1608 2186 presens
1630 2069 1808 2185 scriptum
1828 2067 2042 2185 inspecturi:

410 2103 528 2306 duod
558 2218 630 2275 nos
661 2189 876 2276 Semouitns
906 2185 967 2271 dei
999 2180 1133 2304 gracia
1163 2183 1251 2271 Dux
1280 2182 1537 2274 Mazouieusis
1565 2201 1602 2274 et
1622 2185 1795 2274 dominus
1824 2186 2043 2302 CyrnensiS,
2094 2291 2102 2306 ¹
2157 2249 2163 2258 -

410 2307 614 2398 Rawensis
635 2319 672 2394 et
692 2304 938 2393 Gostinensis
950 2303 1175 2408 Terrarum,
1198 2317 1318 2389 tactus
1341 2304 1595 2391 misericordia
1618 2303 1708 2409 Dei,
1735 2318 1772 2390 et
1792 2303 1901 2393 beate
1922 2305 2044 2394 lllarie

440 2426 601 2514 enitricis
622 2455 702 2524 sue,
723 2423 981 2544 aclipatusque
998 2421 1080 2534 (sic)
1097 2421 1438 2541 supplicaciouibus
1459 2422 1593 2510 lucebi
1614 2419 1803 2550 Ppepositi
1822 2421 2043 2542 Mouasterij

285 2653 288 2660 ι
318 2649 322 2656 ,
409 2457 621 2650 §locensis
653 2573 726 2630 una
748 2571 832 2628 cum
855 2540 1021 2630 Grimelli
1040 2539 1228 2659 Magistra
1248 2555 1285 2628 et
1305 2541 1501 2630 sororibus
1522 2542 1580 2627 sui
1601 2555 1822 2648 conuentus,
1845 2542 1894 2630 ob
1915 2555 2045 2628 nostre

332 2763 338 2768 ,
410 2664 533 2750 anime
553 2658 775 2764 remedium,
807 2674 844 2745 et
864 2659 1025 2745 omnium
1047 2657 1363 2774 predecessorum
1383 2671 1610 2763 nostrorum,
1631 2689 1678 2746 ac
1699 2661 1818 2745 eciam
1839 2687 2044 2747 successu-

410 2809 504 2882 rum,
524 2776 632 2868 villas
650 2774 817 2862 eiusdem
836 2775 1059 2892 lllouasterij
1077 2774 1233 2894 predicti
1249 2777 1399 2863 scilieet:
1420 2784 1618 2877 Brocelino,
1635 2783 1841 2878 Leoczeloo,
1857 2781 2043 2864 erestno

280 2939 281 2942 κ
411 2895 608 3016 wlgariter
637 2907 867 3012 aucupatus,
902 2893 950 2980 ab
983 2895 1166 2981 uniuersis
1198 2895 1454 2983 solucionibus
1486 2911 1522 2982 et
1543 2895 1835 3002 exacciooibus,
1861 2891 2043 2983 videlicet

412 3015 688 3119 conuiuiorum,
718 3042 940 3117 vaccarum,
966 3042 1187 3128 porcorum,
1208 3011 1473 3129 scropharum,
1494 3042 1679 3132 agnorum
1703 3029 1740 3102 et
1759 3014 1808 3101 ab
1829 3012 1889 3100 illa
1911 3013 2046 3100 contri·

300 3165 314 3225 a
410 3133 593 3237 bucinna,
625 3162 697 3248 que
719 3129 854 3218 dicitur
873 3163 953 3246 sep,
982 3146 1018 3218 et
1039 3161 1064 3228 a,
1083 3131 1251 3218 stacione
1264 3145 1490 3219 exactorum
1513 3132 1748 3252 exigencium
1769 3147 1956 3222 monetam
1976 3162 2046 3249 per

411 3265 619 3357 terram,·et
639 3249 688 3335 ab
710 3250 792 3366 alijs
814 3249 1156 3337 contribuciomibus
1178 3249 1360 3354 erunibus,
1383 3279 1622 3369 quocumque
1643 3253 1792 3338 nornine
1810 3264 2045 3356 censeantur,
2139 3305 2142 3324 ·

412 3369 569 3458 iacimus
601 3383 637 3455 et
667 3397 755 3454 esse
785 3367 957 3454 volumus
987 3368 1134 3486 penitus
1165 3365 1303 3454 liberas
1340 3368 1376 3454 iu
1406 3383 1624 3486 perpetuum
1653 3384 1694 3472 et
1724 3380 1937 3484 exemptas:
1974 3367 2046 3455 nisi

395 3501 612 3592 --monetam
635 3515 707 3604 que
728 3485 1011 3586 dicitnr-obrem,
1033 3501 1071 3573 et
1085 3485 1289 3602 collectam
1310 3487 1527 3605 generalem
1548 3487 1615 3572 toti
1635 3501 1733 3572 terre
1755 3487 1929 3604 positam,
1949 3484 2046 3576 villis
2087 3495 2097 3506 ’
2147 3499 2182 3531 ”

412 3599 618 3692 in'eisdem
649 3602 875 3722 supradictis
905 3603 1013 3691 nobis
1041 3633 1294 3698 reseruemus.
1351 3601 1400 3692 Et
1428 3635 1513 3691 cum
1540 3619 1701 3691 venator
1732 3617 1861 3692 noster
1881 3605 1918 3691 in
1938 3602 2047 3694 villas

413 3737 640 3810 memoratas
660 3723 814 3827 venerit,
836 3722 957 3838 ipsum
979 3723 1118 3809 nutrire
1139 3722 1363 3810 tenebuntur
1385 3736 1422 3808 et
1442 3722 1564 3809 incole
1584 3721 1753 3812 villarum
1770 3721 1970 3828 dictarum;
1995 3721 2044 3808 ad

295 3939 300 3951 ,
414 3837 623 3928 custodiam
652 3839 732 3926 lere
763 3839 938 3956 agitantis
970 3839 1073 3952 (sic),
1106 3870 1179 3959 que
1210 3839 1344 3928 dicitur
1365 3845 1571 3954 praeluyla,
1604 3842 1691 3927 duur
1720 3840 1884 3926 mandati
1913 3841 2047 3950 iueript
2130 3843 2135 3852 ’

286 3977 292 4006 ³
413 3987 437 4046 a
468 3957 708 4050 venatoribus
737 3957 897 4062 nostris,
928 3958 982 4043 ire
1008 3956 1239 4045 tenebuntur.
1295 3957 1386 4046 Item
1418 3961 1448 4046 si
1483 3957 1558 4045 dno
1589 3957 1648 4044 uel
1668 3974 1745 4045 tres
1767 3957 1815 4044 de
1836 3958 2047 4049 homiuibus

414 4075 663 4192 predictarum
684 4074 853 4164 villarum
873 4075 1031 4165 invicem
1053 4075 1332 4182 contenderint,
1359 4075 1570 4163 stulterum
1592 4075 1686 4162 alter
1707 4075 1908 4183 occiderit;
1934 4092 2047 4194 caput
2159 4175 2166 4182 ,

398 4220 491 4278 -non
510 4223 534 4280 a
555 4210 702 4300 castro,
734 4193 803 4280 sed
834 4224 858 4281 a
879 4193 1075 4304 sororibus
1105 4195 1332 4311 prenotatis,
1362 4225 1409 4281 ex
1430 4195 1504 4280 inte
1537 4223 1580 4282 ro
1602 4207 1679 4284 tres
1698 4224 1827 4280 marce
1847 4195 2048 4310 recipietur

414 4309 508 4422 (sic).
551 4309 736 4400 Volumus
758 4313 897 4400 eciam:
919 4314 952 4400 si
972 4313 1105 4430 aliquis
1130 4328 1342 4415 extremaue,
1364 4342 1437 4400 non
1459 4221 1603 4402 hoierus
1624 4309 1872 4400 residenciam
1894 4311 1930 4399 in
1949 4311 2046 4406 villis
2087 4381 2090 4386 -

414 4429 640 4545 prenotatis,
673 4429 854 4516 occiderit
874 4431 1036 4518 incolam
1055 4429 1224 4518 villarum
1246 4431 1318 4518 iam
1341 4429 1543 4538 dictarum,
1576 4429 1679 4550 quod
1700 4459 1723 4514 a
1744 4431 1936 4518 sororibus
1984 4459 2044 4516 re-

414 4548 500 4636 latis
531 4547 606 4636 due
635 4575 764 4636 marce
792 4577 862 4665 pro
888 4549 1009 4664 capite
1035 4549 1164 4638 occiso
1190 4550 1450 4667 percipiantur.
1505 4548 1638 4638 Eciam
1663 4547 1695 4634 si
1717 4561 1843 4668 qmeto
1872 4460 2046 4638 residens

517 4794 556 4880 (Ι)
585 4797 633 4863 Es
654 4797 818 4883 archetypo
840 4796 871 4862 in
893 4796 1084 4864 Vnrsnuiensi
1106 4799 1257 4866 tabulario
1278 4797 1398 4884 publico
1420 4797 1517 4884 Regni
1540 4797 1685 4866 Poioniue
1707 4799 1762 4866 N¹⁰
1785 4797 1867 4867 1108
1887 4807 2045 4870 meruero

416 4877 611 4965 descriptum.
654 4881 791 4968 Sigillum
806 4880 941 4949 luuicudo
956 4881 1052 4948 serico
1067 4883 1177 4950 coloris
1192 4883 1293 4951 uiridis
1308 4902 1492 4971 appensum,
1515 4902 1640 4970 prorsus
1656 4883 1853 4983 destructum.
