4800 5942
939 689 942 696 ’
1055 683 1329 784 -raoa'-

380 906 551 1010 ubilibet,
593 919 631 992 et
659 905 855 1023 presertim
891 905 926 989 in
962 902 1103 1024 Regno
1139 918 1176 991 et
1207 903 1380 1023 dominijs
1416 908 1555 997 nostris
1590 909 1798 1018 constituti,
1868 909 2010 1003 audere

378 1054 426 1111 ex
461 1021 656 1141 priuilegio
693 1038 980 1110 consueuemnt.
1040 1021 1101 1108 Ad
1140 1043 1280 1112 omnes·
1306 1023 1495 1130 honores,
1531 1023 1755 1143 dignitates,
1793 939 1936 1136 euicta,
1972 1045 2010 1119 et

376 1140 561 1228 benelicia
592 1137 794 1256 spiritualia
825 1155 863 1226 et
892 1139 1106 1245 secularia,
1131 1141 1272 1257 ipsum,
1304 1143 1634 1260 posteritatemque
1655 1171 1762 1230 suam
1783 1145 2010 1265 legittimam,

378 1255 532 1376 dignum
553 1258 754 1364 iacientes,
775 1255 1059 1375 abilitautesque
1081 1257 1184 1372 (siet,
1238 1273 1323 1346 rout
1341 1259 1517 1363 lecimus,
1545 1261 1774 1365 abilitamus,
1805 1277 1843 1352 et
1861 1279 2022 1381 reputaae

378 1404 462 1461 mus
483 1373 656 1492 dignum:
691 1373 926 1492 deponentes
947 1406 995 1463 ex
1014 1402 1062 1461 eo
1083 1389 1119 1462 et
1139 1288 1246 1490 prole
1266 1405 1356 1482 sua,
1388 1407 1535 1464 omnem
1567 1379 1782 1495 seruitutem
1804 1393 1841 1465 et
1861 1380 2010 1500 ignobi-

378 1492 515 1581 litatem
536 1491 774 1608 plebeorum,
802 1511 852 1578 'ex
873 1521 1098 1610 quacumque
1118 1521 1236 1580 causa
1258 1509 1490 1582 contractum
1511 1494 1614 1607 (sio),
1646 1525 1720 1612 que
1741 1499 2010 1614 quoquomodo

378 1611 618 1698 concessioni
637 1609 873 1699 huionostre
894 1609 1092 1698 detrahere
1121 1625 1280 1728 possent
1308 1611 1345 1698 in
1365 1612 1535 1699 loturum.
1591 1613 1790 1718 Preterea,
1823 1619 2018 1732 presentis·

376 1725 724 1862 privilegijvigore
745 1727 983 1815 decernimus
999 1733 1145 1815 'omnes
1176 1729 1433 1847 cujuscunque
1463 1728 1582 1818 status
1614 1745 1651 1818 et
1671 1730 1901 1820 condicionis
1932 1737 2011 1822 exi-

378 1858 523 1948 stentes
544 1845 730 1950 hommeS,
761 1846 822 1964 qui
850 1847 890 1936 in
909 1846 1129 1962 vituperium
1159 1861 1288 1934 nostre
1308 1847 1494 1963 presentis
1514 1850 1712 1968 potestatis
1733 1850 1861 1966 regie,
1892 1851 2010 1968 ipsius

377 1961 606 2050 nobilitatem
626 1963 856 2069 infamarent,
877 1977 941 2050 aut
961 1993 1044 2050 earn
1066 1962 1291 2051 detractorie
1311 1966 1586 2084 impugnarent,
1607 1968 1714 2082 penis
1732 1994 1805 2082 ‘pro
1826 1969 2010 2086 vitupetio

378 2093 418 2168 et
435 2081 588 2170 inlamia
604 2080 792 2170 nobilibus
813 2083 849 2169 in
870 2079 1012 2199 Regno
1032 2094 1164 2168 nostro
1187 2097 1224 2168 et
1253 2079 1400 2200 Magno
1433 2083 1580 2170 Dooatu
1612 2082 1822 2172 Lithwanie
1841 2085 2010 2204 adjectis,

378 2199 507 2303 nobis,
539 2202 632 2289 alias
663 2199 810 2320 Magne
841 2199 959 2303 Duri,
992 2212 1030 2284 et
1043 2198 1207 2316 judicio,
1238 2199 1288 2286 ad
1320 2199 1422 2318 quod
1454 2231 1497 2288 se
1523 2202 1734 2307 timuerint,
1767 2202 1837 2318 ipsi
1858 2233 2010 2324 quoquo

378 2317 571 2432 injuriato,
602 2347 670 2405 seu
691 2317 793 2424 leso,
824 2316 1018 2405 soluendis
1040 2316 1257 2432 subjacere:
1289 2331 1490 2435 postquam
1511 2319 1593 2435 ipse
1614 2319 1847 2425 Stanislaus,
1878 2338 2010 2410 nostro
2140 2342 2141 2349 ‘

378 2437 542 2553 presenti
562 2436 780 2551 priuilegio,
812 2433 914 2550 quod
936 2432 986 2517 ad
1008 2461 1155 2519 omnem
1187 2433 1386 2542 nobilitatis
1406 2433 1674 2548 probationem
1697 2438 1881 2531 sufficere
1901 2441 2009 2529 volu·

377 2579 474 2656 mue,
492 2581 602 2639 suam
623 2552 843 2670 probauerit
861 2549 1108 2636 nobilitatem:
1139 2545 1215 2637 non
1237 2551 1472 2642 obstantibus
1493 2552 1653 2670 legibus,
1667 2554 1824 2668 juribus,
1846 2583 2009 2657 consue-

376 2667 584 2771 tudinibus,
615 2681 680 2754 aut
710 2667 920 2785 quibuseun
947 2695 994 2750 ue
1015 2665 1178 2754 decretis
1198 2667 1416 2782 centrarijs3
1448 2667 1603 2786 quibus,
1634 2671 1670 2755 in
1691 2672 1872 2789 majorem
1893 2671 2010 2788 ipsius

377 2785 556 2902 Stanislaj
573 2784 847 2902 amplitudinem
865 2698 1221 2902 extiltacionemque,
1243 2784 1475 2902 derogamus
1496 2788 1732 2902 presencium
1748 2817 1818 2904 per
1831 2801 2011 2877 tenorem.

376 2903 421 2990 ln
451 2906 558 3020 cujus
588 2905 642 2989 rei
668 2903 936 3006 testimonium,
969 2900 1128 3019 sigillum
1160 2917 1328 2990 nostrum
1359 2903 1597 3017 presentibus
1628 2917 1687 2990 est
1716 2906 2010 3021 subappensum.

377 3019 515 3106 Actum
534 3025 722 3118 Graecula,
743 3019 850 3105 lleria
865 3018 1033 3106 secunda
1050 3020 1144 3106 inlra
1160 3033 1334 3108 octavam
1351 3021 1620 3110 Asseensionis
1632 3022 1713 3132 (sio)
1729 3019 1887 3125 Domini,
1909 3051 2010 3126 annu

378 3136 548 3253 ejusdem
578 3135 770 3223 millesimo
800 3135 1171 3253 quadringentesimo
1202 3137 1451 3257 nonagesimo
1478 3166 1600 3243 nono,
1630 3138 1757 3258 Regni
1778 3139 2011 3228 veronostri

379 3255 550 3371 septimo.
612 3254 857 3343 Presentibus
888 3251 1045 3358 ibidem,
1081 3251 1417 3342 Reuerendissimu
1450 3270 1486 3343 et
1518 3254 1758 3343 Reuerendis
1789 3256 1826 3342 in
1859 3255 2010 3348 Christo

236 3485 240 3491 Δ
311 3427 331 3497 3
377 3373 567 3492 patribus:
598 3370 750 3460 domino
780 3371 989 3458 Frederieo
1020 3372 1270 3459 miseracione
1300 3372 1425 3459 diuina
1445 3388 1693 3461 sacrosancte
1713 3402 1869 3462 romane
1890 3375 2010 3462 eccle

379 3491 435 3578 sie
455 3491 544 3578 tituli
565 3505 697 3578 sancte
726 3488 843 3576 Lucie
862 3491 899 3576 in
919 3503 1063 3605 septem
1084 3489 1189 3608 solijs
1211 3489 1445 3606 Presbytero
1467 3490 1678 3595 Cardinali,
1708 3491 2009 3608 Arcbiepiseopo
2122 3575 2125 3583 Α

381 3605 598 3695 Gneznensi
619 3619 656 3694 et
676 3606 852 3712 Primate,
874 3635 922 3692 ac
941 3606 1082 3723 Episco
1113 3636 1136 3693 o
1161 3607 1417 3710 Cracouiensi,
1444 3606 1597 3694 Andrea
1617 3607 1677 3694 dei
1698 3609 1829 3726 gracia
1850 3607 2010 3693 Arobie-

378 3755 540 3930 pqscopo
570 3722 830 3840 Leopoliensi,
869 3724 1030 3813 Creslao
1099 3725 1373 3830 ladislauiensi,
1409 3723 1618 3815 Vincenain
1650 3725 1871 3834 Ploozensi,
1905 3723 2028 3812 Luca·

417 3843 603 3949 armiensi,
623 3840 767 3930 Mathia
790 3840 1015 3948 Cbelmensi,
1035 3837 1250 3961 Episcopis3
1271 3873 1440 3930 necnon
1460 3841 1693 3976 Magnilicis:
1718 3839 1941 3958 Spytblmne
1960 3839 2010 3932 de
2047 3850 2051 3856 ’
2204 3913 2210 3932 ,
2303 3825 2306 3832 ¹

378 3967 566 4050 Jorostow
590 3961 853 4064 Crocouiensi,
885 3960 1122 4078 Sandiuogio
1144 3959 1193 4046 de
1216 3965 1421 4048 Czornlcow
1441 3959 1705 4072 Poznaniensi,
1736 3957 1940 4048 Ambrosio
1961 3958 2010 4048 de

378 4081 554 4190 Pompam
576 4079 793 4183 Siradiensi,
815 4077 1017 4183 Palatinis;
1038 4093 1076 4165 et
1094 4077 1269 4166 dohanne
1290 4078 1338 4164 de
1361 4082 1549 4186 Ostrorop
1570 4076 1833 4180 Poznaniensi,
1853 4076 2011 4165 Andrea

259 4229 262 4234 ·
379 4191 429 4280 de
452 4201 613 4280 Ttoazt'n
633 4194 716 4304 (sic)
743 4195 1027 4308 Voynyczensi,
1058 4195 1248 4281 Stanislao
1270 4193 1318 4279 de
1342 4189 1786 4308 Chodeaa‘Leopoliensi,
1819 4193 2009 4283 Stanislao

347 4357 349 4363 ·
380 4308 430 4398 de
458 4315 663 4424 Vyssuyeze
683 4308 991 4422 Przemysliensi,
1012 4324 1049 4394 et
1069 4309 1258 4396 Stanislao
1279 4308 1327 4394 de
1350 4314 1590 4421 Odyezyerza
1612 4309 1840 4418 Srzemensi,
1862 4310 2009 4424 Castel-

379 4427 496 4536 lanis,
527 4426 578 4514 ad
597 4427 792 4545 premissa.
848 4424 986 4511 Datum
1016 4455 1109 4542 vero
1139 4455 1210 4541 per
1240 4453 1374 4510 manus
1405 4425 1622 4544 Reuerendi
1646 4427 1683 4513 in
1714 4427 1863 4516 Christo
1892 4428 2009 4545 patris

381 4546 520 4632 domini
543 4544 689 4634 Creslai
709 4542 850 4660 Episco
879 4545 890 4628 i
909 4541 1221 4631 Vladislauiensis
1243 4558 1280 4630 et
1298 4540 1348 4629 R.
1368 4541 1413 4629 P.
1436 4543 1670 4660 Cancellarij.
1745 4562 1751 4570 “
1895 4657 1899 4663 ¹

482 4662 641 4750 Relaein
661 4573 878 4750 Reuerendi
898 4662 935 4748 in
957 4657 1105 4749 Christo
1126 4661 1244 4780 patris
1271 4659 1409 4762 domini
1441 4661 1588 4749 Creslai
1614 4661 1797 4782 Episcopi
1820 4655 2008 4752 Vladisla-

380 4778 532 4886 uiensiS,
553 4795 589 4868 et
607 4776 723 4870 ΚΡ.
746 4779 978 4896 Cancellarij.
1083 4816 1087 4826 ·
1800 4871 1853 4969 ,Ψ
