4800 5942
1020 724 1292 796 -ouo-

344 919 500 1010 Maioris
520 920 681 1010 Polonie
701 922 901 1040 generalis.
952 922 1216 1039 Signilioomus
1237 937 1368 1010 tenore
1389 926 1650 1039 presencium,
1666 926 1801 1035 quibus
1822 926 1974 1045 expedit

344 1040 530 1126 uniuersis
586 1038 795 1126 resentibus
817 1054 854 1125 et
872 1038 1021 1125 luturis:
1052 1037 1260 1151 Quomodo
1282 1038 1331 1125 ad
1354 1054 1530 1145 nostram,
1548 1039 1784 1160 ‘aliorumque
1805 1044 1971 1133 eiusdem

344 1168 443 1242 teme
463 1070 652 1241 Nobilium
671 1156 827 1243 veniens
847 1157 1102 1273 presenciam,
1133 1155 1315 1273 prouidus
1334 1156 1531 1244 lohannes
1552 1157 1744 1245 Sooltetus
1759 1158 1814 1262 vde
1835 1169 1972 1250 Posze-

341 1303 460 1385 pomo,
482 1301 557 1358 non
578 1272 815 1391 compulsus,
836 1303 912 1360 non
933 1290 1101 1376 coaetus,
1123 1305 1194 1361 neo
1213 1275 1338 1391 aliquo
1361 1305 1491 1361 errore
1512 1273 1623 1360 deuio
1644 1275 1835 1381 seductus,
1856 1308 1973 1369 sanus

343 1401 467 1476 mente
488 1404 525 1477 et
544 1419 706 1508 oorpore
727 1391 902 1496 existens,
924 1422 1015 1479 usus
1036 1393 1240 1479 amicorum
1257 1421 1410 1478 suorum
1427 1391 1593 1497 oonsilio,
1615 1408 1652 1480 et
1668 1408 1811 1480 matura
1832 1393 1972 1483 delibe—
2097 1405 2102 1412 “

343 1509 497 1593 raoione
517 1507 729 1623 prehabita,
751 1524 827 1596 tres
847 1538 1001 1597 mansos
1021 1511 1105 1627 agri
1127 1509 1307 1596 soolteoie
1328 1510 1363 1596 in
1385 1509 1519 1598 eadem
1549 1509 1636 1598 villa
1667 1517 1905 1625 Poszopotoo,
1936 1515 1970 1601 in

342 1621 522 1712 Distriotu
543 1624 795 1713 Poznaniensi
812 1627 893 1730 sita,
915 1656 999 1713 eum
1016 1626 1100 1714 laou
1118 1633 1303 1739 Serze'rrlcy
1320 1625 1431 1734 dioto,
1452 1627 1501 1714 ad
1517 1627 1709 1745 predictos
1725 1644 1803 1715 tres
1819 1619 1973 1718 mansos

343 1739 521 1829 soolteoie
534 1755 740 1860 spectante,
756 1772 806 1830 ao
819 1745 975 1861 eampis,
990 1747 1106 1864 agris
1122 1747 1250 1862 pratis,
1266 1747 1430 1862 pascuis,
1447 1745 1690 1864 graminibus,
1706 1747 1820 1853 siluis,
1837 1747 1971 1855 horris,

343 1859 501 1964 merioiS,
522 1861 748 1965 nemoribus,
765 1891 851 1948 sare
880 1863 935 1958 tis,
953 1857 1203 1980 indaginibus,
1220 1863 1372 1968 rubetis,
1389 1865 1590 1982 queroetiS,
1607 1864 1751 1979 pinetis,
1768 1863 1972 1982 nellifinijs,

343 1973 483 2093 lluuijs,
510 1975 741 2084 fluminibus,
769 1893 946 2085 lacubus
967 1981 1157 2098 stangnis,
1177 1978 1394 2097 paludibus,
1416 1982 1585 2097 piscinis,
1608 1976 1824 2098 piscaturis,
1841 1984 1972 2116 rippiS,

264 2148 267 2153 -
343 2094 481 2197 riuutis,
502 2095 745 2202 torrentibus,
767 2093 934 2214 aquiset
954 2126 1083 2184 earum
1104 2097 1343 2210 deoursibuS,
1365 2098 1603 2204 molendinis,
1627 2100 1887 2206 emoliments,
1910 2130 1972 2186 ve-

343 2211 582 2316 naoionibus,
613 2215 953 2331 auoupaoionibuS,
985 2215 1118 2331 ourijS,
1147 2215 1339 2319 domibus,
1359 2215 1479 2319 areb,
1500 2216 1666 2332 allodijs,
1686 2215 1845 2334 predijs,
1866 2220 1972 2323 ortis,

343 2330 533 2445 pomerijs,
554 2330 751 2438 montibus
773 2331 943 2436 collibus,
964 2329 1167 2435 laboribus,
1189 2332 1406 2438 honoribus,
1419 2331 1616 2436 sensibus,
1637 2333 1825 2435 lruotibus,
1847 2334 1973 2420 reddi·

342 2443 451 2552 tibus,
471 2449 727 2564 prouentibus,
744 2448 968 2554 utilitatibus,
985 2449 1250 2554 soluoionibus,
1267 2481 1350 2536 oum
1368 2450 1466 2537 omni
1476 2451 1562 2567 jure
1578 2480 1729 2567 quoque
1745 2465 1781 2536 et
1797 2451 1973 2553 dominio,

341 2578 454 2766 prout
473 2564 578 2652 solus
599 2565 728 2652 habuit
747 2582 784 2654 et
805 2569 929 2672 tenuit,
951 2580 988 2653 et
1003 2555 1297 2655 obuenoionibus
1313 2568 1407 2684 alijs,
1429 2567 1657 2686 generaliter
1671 2569 1867 2671 uniuersis,
1891 2571 1972 2685 qui·
2066 2655 2071 2666 ,

370 2710 574 2798 usoumque
596 2681 768 2770 dicantur
787 2682 1017 2788 nominibus,
1048 2683 1098 2770 ad
1119 2683 1310 2800 predictos
1332 2700 1408 2772 tres
1430 2713 1584 2772 mansos
1613 2699 1650 2770 et
1670 2683 1793 2770 laeum
1815 2715 1972 2801 quomo·

341 2794 483 2885 dulibet
513 2801 769 2917 spectantibus
801 2816 837 2886 et
867 2801 1155 2918 pertinentibus,
1185 2801 1235 2888 ita
1257 2801 1391 2920 longe,
1422 2802 1495 2888 late
1516 2818 1555 2888 et
1574 2802 1973 2907 oiroumlerenoialiter,

184 2993 194 3013 ,
340 2932 453 3034 prout
472 2919 508 3002 in
530 2917 608 3003 suis
629 2919 737 3005 metis
758 2932 795 3005 et
813 2917 948 3006 finibus
968 2922 1057 3007 sunt
1076 2919 1214 3007 limitati
1235 2934 1272 3006 et
1292 2918 1461 3024 distincti,
1486 2919 1595 3007 niobil
1611 2920 1708 3036 juris
1728 2948 1800 3007 nee
1821 2918 1971 3034 dominij
2084 2992 2089 3004 ,

342 3032 432 3136 sibi,
462 3063 534 3120 neo
555 3021 633 3120 s'uis
654 3035 961 3139 suecessoribus,
992 3034 1127 3122 ibidem
1158 3037 1306 3154 penitus
1336 3036 1589 3140 reseruando,
1647 3067 1690 3123 ro
1721 3035 1973 3156 quadraginta

340 3149 478 3260 marcis
510 3148 715 3268 mediorum
745 3179 991 3271 grossorum,
1028 3167 1176 3240 monete
1212 3167 1248 3240 et
1278 3155 1420 3240 numeri
1450 3068 1712 3270 polonioalium
1750 3154 1972 3260 comunium,

341 3265 514 3356 videlieet
543 3266 793 3385 quadraginta
819 3282 907 3357 ooto
929 3298 1091 3387 grossos
1112 3299 1278 3357 maroam
1299 3272 1337 3357 in
1358 3272 1560 3388 quamlibet
1579 3268 1854 3386 computando,
1885 3269 1971 3356 Ma·

340 3382 483 3503 gnifioo
505 3383 656 3486 domino
676 3385 794 3474 Petro
816 3386 865 3474 de
878 3393 999 3500 ,Borjn
1020 3386 1236 3475 Castellano
1258 3388 1495 3493 Gneznensi,
1512 3402 1563 3490 ¹et
1583 3389 1660 3474 suis
1682 3388 1972 3476 suecessoribus

340 3501 526 3620 legitimis,
547 3503 723 3608 vendidit,
746 3522 783 3592 et
802 3536 932 3592 eoram
952 3504 1061 3591 nobis
1082 3506 1149 3592 rite
1170 3521 1207 3593 et
1221 3505 1509 3607 racionabiliter,
1530 3507 1630 3590 iuxta
1653 3517 1752 3590 terre
1773 3519 1971 3591 consuetu·

195 3672 200 3682 »
340 3615 476 3722 dinem,
498 3621 766 3738 imperpetuum
788 3625 861 3710 resi
894 3625 1013 3727 nauit,
1033 3652 1102 3738 per
1122 3624 1242 3738 ipsum
1265 3620 1452 3709 dominum
1474 3623 1627 3708 Petrum
1651 3619 1914 3724 Castellanum,
1936 3633 1973 3708 et
2080 3615 2086 3624 ’

340 3764 590 3824 suooessores
611 3769 703 3826 suos
724 3653 948 3844 babendum,
970 3738 1181 3844 tenendum,
1202 3770 1243 3827 re
1276 3736 1423 3848 endum,
1444 3737 1702 3844 utilruendum,
1723 3737 1972 3842 vendendum,

340 3851 594 3976 obligandum,
627 3857 948 3966 commutandum,
970 3856 1218 3960 alienandum,
1239 3769 1416 3964 dandum,
1439 3854 1666 3962 donandum,
1687 3853 1971 3972 possidendum,

340 3984 378 4059 et
397 3972 433 4058 in
454 4001 547 4058 osus
568 4001 659 4059 suos
680 3971 777 4060 bene
805 3975 939 4061 laoitos
959 3972 1265 4082 conuertendum,
1291 3989 1402 4089 prout
1423 3974 1492 4060 sibi
1513 3988 1550 4061 et
1569 3973 1858 4060 suecessoribus
1879 3974 1970 4079 suis,

338 4087 471 4174 melius
492 4105 529 4178 et
549 4089 671 4176 utilius
691 4004 877 4179 videbitur
893 4091 1080 4208 expedire.
1119 4090 1277 4195 Harum,
1298 4093 1432 4210 quibus
1449 4090 1569 4206 sigilla
1586 4104 1716 4176 nostra
1733 4089 1970 4204 presentibus

340 4220 427 4292 sunt
445 4234 626 4320 appensa,
648 4209 860 4294 testimonio
882 4209 1080 4320 literarum.
1119 4209 1253 4294 Actum
1275 4223 1311 4295 et
1328 4209 1456 4294 ‘datum
1478 4214 1679 4303 Poznanie,
1701 4206 1762 4291 die
1783 4205 1970 4294 dominioo

365 4322 511 4411 roximo
532 4336 620 4438 post
639 4322 773 4410 festum
794 4321 997 4409 Diuisionis
1019 4325 1315 4441 Appostolorum
1340 4324 1545 4414 beatorum.
1596 4324 1708 4411 Anno
1731 4324 1869 4410 domini
1890 4324 1969 4410 mil·

338 4352 470 4528 lesimo
503 4437 872 4558 quadringentesimo
904 4438 1198 4560 quadragesimo
1229 4455 1350 4528 sexto.
1402 4439 1648 4528 Prosentibus
1680 4439 1815 4528 ibidem
1851 4415 1969 4526 Nobi-

299 4576 302 4582 ’
339 4555 446 4642 libus:
468 4556 609 4644 Mathia
630 4555 762 4643 Borek
784 4556 832 4643 de
856 4563 1048 4644 Oszeezno
1066 4556 1282 4644 Castellano
1299 4554 1490 4661 Naklensi,
1511 4557 1655 4644 lllatbia
1673 4557 1720 4644 de
1736 4563 1967 4658 Staehezino,

339 4671 499 4761 Nioolao
521 4674 570 4760 de
590 4681 931 4788 Dobejeseheuieze,
951 4674 1125 4762 lobanne
1146 4673 1195 4760 de
1219 4679 1457 4780 Cretanomo,
1478 4675 1653 4764 lohanne
1673 4675 1723 4760 de
1746 4680 1988 4790 Campania,
2088 4757 2093 4771 .

339 4797 454 4892 ut'oze,
476 4805 513 4878 et
532 4789 709 4880 Jobanne
730 4791 778 4879 de
798 4799 1050 4908 Roposete'eze
1070 4789 1284 4890 heredibus,
1305 4793 1462 4892 testibus
1483 4794 1583 4882 eirca
1605 4793 1799 4913 premissa.

1199 4959 1200 4962 κ
1318 4955 1321 4960 ·
1760 4922 1795 4978 42
