4800 5942
1058 665 1105 751 -'
1150 696 1224 770 aro
1280 737 1324 750 -

365 902 494 1005 nostri,
515 915 552 988 et
572 901 767 1019 signanter
787 897 873 984 Dux
895 895 1124 984 Alexander
1139 897 1233 984 alias
1248 896 1450 986 Vitdwdus
1466 911 1504 982 et
1517 897 1784 1018 Sigismundus
1800 885 1998 988 tenuerunt

365 1033 402 1106 et
422 1016 688 1222 possidebant,
720 1016 776 1102 sic
797 1031 834 1103 et
854 1045 925 1104 nos
950 1014 1106 1102 easdam
1137 1017 1305 1134 integras
1337 1016 1544 1103 tenebimus
1565 1032 1600 1103 et
1620 1016 1918 1132 possidebimus,
1949 1045 1997 1106 ac

364 1152 427 1224 tue
455 1137 569 1240 imur,
599 1149 714 1252 atqua
745 1163 830 1220 oum
860 1132 920 1219 dei
950 1131 1107 1238 auxilio,
1138 1163 1208 1250 pro
1231 1135 1374 1220 cunctis
1405 1133 1544 1220 viribus
1576 1137 1734 1238 nostris,
1766 1135 1997 1224 studebimus

364 1253 522 1340 dilatare
543 1267 580 1338 et
599 1250 800 1370 ampliare,
831 1266 999 1369 tempore
1020 1251 1255 1368 competenti.
1309 1251 1400 1338 Item
1430 1251 1588 1338 nuncios
1618 1281 1686 1339 seu
1717 1267 1889 1341 oratores
1918 1255 1997 1342 mit

364 1386 443 1457 tere
480 1368 682 1474 debemus,
719 1371 755 1456 in
786 1371 958 1487 negocijs
994 1368 1132 1487 publici
1167 1369 1255 1455 boni
1291 1367 1459 1456 eiusdem
1495 1368 1627 1490 Magni
1663 1369 1832 1456 Ducatus
1867 1373 1997 1488 nostrj,

291 1539 294 1547 =
365 1489 594 1576 necessitate
624 1486 675 1573 ad
706 1487 781 1572 hoc
811 1487 1041 1593 imminente,
1073 1486 1121 1573 de
1143 1488 1301 1574 consilio
1332 1486 1565 1574 dominorum
1597 1503 1830 1593 nostrorum,
1861 1518 1997 1575 versus

363 1619 493 1722 partes
513 1619 675 1710 exteras
700 1603 874 1692 videlicet
892 1609 1133 1704 Moseooiom,
1157 1602 1206 1690 ad
1227 1612 1423 1691 Zowolslro
1443 1616 1550 1705 crdo,
1573 1620 1608 1693 et
1629 1612 1868 1719 Perelropslro
1888 1615 1995 1707 ordo,

373 1729 597 1822 Volocln'cm,
627 1730 791 1836 aequom
810 1729 976 1822 Polonr'e,
998 1729 1182 1808 Ducctcm
1202 1728 1380 1825 Mosoor'e,
1401 1728 1604 1824 Presse'cm,
1626 1729 1827 1825 Lebonr'am,
1850 1729 1994 1825 Pslccro,

363 1846 541 1954 Mapoura
560 1848 776 1952 Noooprod,
799 1847 981 1951 Twerzrjn
996 1854 1033 1926 et
1053 1847 1192 1943 liezan,
1214 1839 1745 1928 secundumconsuetudinem
1761 1853 1995 1958 pernostros

363 1973 631 2046 antecessores
652 1959 912 2065 observatam,
937 1987 1008 2044 nec
1029 1986 1105 2045 non
1126 1988 1260 2044 versus
1280 1957 1374 2044 alias
1396 1987 1652 2076 quascumque
1671 1960 1896 2076 provincias,
1945 1987 1995 2044 uc

361 2077 573 2164 necessitas
594 2091 632 2164 et
653 2075 786 2163 utilitas
807 2075 1053 2162 dominiorum
1086 2074 1381 2193 lllagniducatus
1413 2077 1528 2162 nostri
1558 2073 1753 2163 Lithvanie
1783 1989 1995 2194 postuldbit.

362 2192 455 2280 ltern
475 2223 560 2280 curn
581 2193 715 2311 quibus
737 2193 844 2282 terris
866 2208 902 2280 et
923 2192 1095 2308 duminijs
1116 2195 1405 2311 inscripciones,
1437 2193 1793 2298 confederaciones,
1822 2195 1937 2313 ligas,
1959 2207 1998 2281 et

362 2313 588 2416 iuramenta,
619 2312 843 2429 abantiquo
864 2310 1047 2398 habemus
1067 2312 1174 2426 pacis
1194 2324 1387 2426 perpetue,
1409 2341 1476 2398 eas
1498 2311 1671 2398 nolumus
1692 2312 1904 2429 inlringere,
1926 2309 1995 2399 sed

362 2429 399 2516 in
420 2429 562 2533 melius,
584 2458 668 2516 cum
690 2428 750 2515 dei
771 2428 919 2533 auxilio,
941 2427 1083 2514 ducere
1105 2444 1217 2543 atque
1238 2427 1444 2547 adaugere.
1486 2427 1578 2513 ltem
1596 2457 1819 2546 quecunque
1840 2428 2000 2524 consilia

361 2559 399 2632 et
429 2573 588 2650 causas,
625 2544 901 2632 condominis
932 2543 1154 2660 consiliarijs
1186 2547 1325 2631 nostris
1357 2545 1686 2632 determinabimus
1715 2563 1761 2632 et
1788 2559 1997 2632 statuemus

361 2677 475 2867 aleppe
492 2661 773 2764 concludemus,
794 2691 841 2746 ea
863 2681 947 2746 cum
969 2663 1117 2746 nemine
1137 2660 1211 2746 alio
1232 2663 1435 2764 immutare,
1460 2662 1666 2776 corrigere,
1688 2676 1753 2747 aut
1773 2662 1998 2748 deordinare

362 2778 411 2866 de
439 2778 594 2866 abimus.
645 2777 738 2864 ltem
766 2776 919 2895 quando
951 2778 1077 2895 aliqua
1105 2778 1260 2882 consilia
1282 2792 1316 2863 et
1339 2777 1521 2895 negocia,
1552 2779 1588 2863 in
1610 2777 1890 2864 consultaeione
1912 2807 1996 2865 cum
2122 2859 2127 2866 .

361 2895 521 2984 dominis
543 2896 681 3000 nostris
703 2894 897 2982 tractanda
920 2895 1121 3001 evenerint,
1144 2909 1182 2980 et
1201 2896 1293 3012 ipsis
1314 2894 1474 2981 dominis
1495 2891 1570 2981 non
1592 2894 1802 3012 placebunt,
1829 2924 1901 3011 pro
1923 2897 1997 2983 isto

362 3041 477 3131 super
509 3041 577 3098 ecs
609 3014 839 3098 commoneri
871 3043 946 3099 non
977 3011 1178 3098 debemus:
1210 3013 1280 3099 sed
1301 3042 1526 3130 quecunque
1547 3012 1656 3099 nobis
1677 3011 1892 3114 consulent,
1924 3041 1996 3128 pro

360 3145 491 3218 nostra
513 3143 550 3215 et
570 3130 717 3228 comuni
739 3129 893 3214 utilitate
914 3127 1011 3214 istud
1033 3156 1104 3213 nos
1125 3127 1339 3214 elliciemus
1391 3129 1482 3215 ltem
1504 3129 1724 3247 dignitateS,
1758 3142 1925 3232 tenutas,
1960 3141 1996 3216 el

360 3247 435 3335 alia
465 3248 592 3333 omnia
610 3245 753 3352 ollioia,
783 3261 848 3332 aut
877 3247 978 3332 bona
1009 3243 1253 3349 hereditaria,
1279 3246 1418 3332 ,nemini
1440 3262 1621 3333 extraneo
1642 3261 1706 3332 aut
1725 3245 1892 3353 advene,
1925 3245 1995 3334 sed

361 3366 482 3453 solum
503 3363 690 3484 indigenis
712 3363 918 3454 tenebimur
937 3364 1121 3450 conferre.
1165 3363 1201 3449 Α
1222 3363 1438 3480 provisione
1459 3376 1594 3468 autem,
1616 3392 1665 3448 ac
1685 3362 1906 3466 domnione,
1927 3393 1996 3450 seu
2128 3419 2131 3425 -

362 3482 571 3570 collacione
601 3482 844 3598 spiritualium
875 3495 913 3567 et
939 3480 1162 3569 secularium
1193 3479 1432 3600 dignitatum,
1465 3494 1694 3581 tenutarum,
1726 3495 1762 3566 et
1787 3480 1997 3566 ciliciorum

361 3627 691 3716 quorumcunque,
723 3599 833 3686 nichil
862 3597 1044 3686 debemus
1065 3597 1278 3716 postulare3
1310 3626 1434 3714 neque
1454 3598 1573 3682 eciam
1594 3598 1665 3712 ipsi
1686 3595 1822 3684 domini
1844 3596 1995 3710 palatini

360 3731 397 3804 et
427 3715 632 3833 capitanei,
662 3717 713 3801 ab
744 3715 966 3814 officialibus
997 3729 1036 3800 et
1061 3717 1254 3832 tenutarijs
1284 3713 1521 3831 quiccunque
1551 3715 1721 3831 recipere
1747 3728 1809 3800 aut
1839 3712 1897 3800 exi
1929 3741 1996 3800 ere

360 3833 521 3940 dobent3
552 3833 672 3919 solum
695 3832 797 3952 quod
855 3863 896 3919 er
915 3833 1077 3950 aliquem
1098 3834 1208 3919 nobis
1229 3832 1287 3919 vel
1310 3831 1418 3949 ipsis,
1445 3861 1515 3951 pro
1537 3832 1735 3920 honestate
1756 3861 1845 3936 sua,
1877 3741 1994 3918 libero

361 3949 615 4040 condonatum
636 3951 755 4038 luerit
846 3949 944 4037 fficia
974 3979 1067 4038 vero
1099 3951 1222 4037 omnia
1254 3966 1292 4037 et
1312 3963 1458 4056 tenute,
1489 3951 1571 4037 sine
1601 3948 1758 4037 consilio
1779 3963 1993 4036 nostrorum

344 4069 676 4174 consiliariorum,
707 4097 777 4185 per
796 4099 868 4156 nos
889 4096 965 4156 non
985 4066 1124 4155 debent
1144 4069 1315 4180 cuiquam
1336 4069 1484 4153 aulerri.
1538 4068 1578 4152 Si
1600 4067 1683 4176 quis
1704 4079 1826 4151 autem
1850 4065 1992 4154 allicia-

295 4263 309 4290 ,
361 4184 459 4288 lium,
480 4199 657 4292 tanquam
678 4185 882 4301 dissipator
903 4201 939 4270 et
954 4183 1214 4273 damnificatur
1235 4201 1448 4273 nostrorum
1469 4182 1787 4299 bonorum‚··apud
1804 4179 1875 4271 nos
1891 4183 1992 4272 dela·

360 4319 420 4390 tus
435 4300 554 4406 luerit,
575 4312 732 4412 utraque
747 4329 838 4417 pars
854 4299 967 4388 debet
983 4328 1111 4386 coram
1128 4329 1198 4388 nos
1215 4303 1297 4412 (sic)
1319 4300 1567 4417 personaliter
1583 4301 1768 4404 constitui,
1789 4300 1992 4411 auditaque

361 4447 498 4523 causa,
528 4447 617 4504 reus
648 4415 853 4505 secundum
885 4416 1065 4503 demerita
1095 4417 1306 4534 puniendus
1337 4418 1426 4524 erit;
1458 4416 1527 4506 sed
1555 4417 1701 4529 absque
1729 4419 1840 4534 culpa
1868 4418 1991 4506 officia

361 4538 509 4624 aulerre
528 4566 603 4623 non
625 4535 817 4624 debemus.
864 4534 955 4622 ltem
1002 4533 1144 4638 alatini,
1166 4535 1368 4652 capitanei,
1390 4537 1579 4653 tenutarij,
1600 4535 1720 4641 villici,
1742 4535 1932 4640 ollicialeS,
1953 4550 1992 4622 et

362 4655 526 4740 universi
556 4655 840 4774 vicesgerentes
876 4653 912 4741 in
991 4651 1234 4772 agunduoatu
1270 4668 1423 4760 nostro,
1463 4655 1498 4741 in
1529 4654 1696 4771 primeva
1727 4653 1923 4741 honestate
1953 4671 1991 4741 et

362 4769 641 4888 provisionibus
658 4799 705 4860 ac
722 4771 856 4860 tenutis
877 4785 1019 4879 ectum,
1040 4786 1080 4858 ut
1099 4799 1122 4858 a
1138 4771 1476 4888 predecessoribus
1492 4773 1629 4859 nostris
1645 4771 1814 4873 Ducibus
1834 4769 1989 4893 Magnis
