4778 5952
1012 761 1063 778 -
1113 721 1190 798 tut·
1242 761 1289 780 -

1061 1019 1256 1137 otxttt

510 1279 849 1389 cracoviae,
876 1309 1033 1376 uno
1059 1287 1201 1376 1415
1230 1291 1282 1376 ιι
1310 1291 1390 1378 24
1413 1292 1616 1376 merum
1638 1289 1804 1376 m.

388 1491 623 1568 Ululans
638 1495 831 1570 mh
845 1495 916 1566 ltu
929 1494 1032 1585 partit
1046 1494 1206 1568 urentem
1220 1495 1384 1585 penum
1398 1494 1459 1566 nu
1474 1495 1508 1568 tt
1522 1491 1924 1582 renunculorum

427 1645 432 1654 ·
769 1596 1048 1670 wtudlstu
1064 1595 1223 1686 stipanda
1235 1597 1400 1688 pumlutt
1412 1600 1511 1682 tato(
1519 1599 1551 1680 ¹).
1946 1635 1952 1648 ι

439 1819 528 1940 Ego
549 1817 731 1908 Nicolaus
752 1819 902 1908 Szaksb
922 1819 1052 1908 Bothe
1075 1822 1257 1940 magister
1273 1851 1357 1908 cum
1374 1849 1566 1908 consensu
1583 1819 1774 1906 sociorum
1790 1848 1972 1926 meorum,

338 1961 581 2142 recopposco
608 1954 741 2074 tenore
768 1940 1007 2072 presencium
1038 1969 1061 2025 a
1088 1939 1515 2074 Sereoissimodomino
1547 1937 1662 2052 Rege
1692 1935 1883 2040 Polonie,
1901 1967 1973 2074 pro

339 2083 437 2146 unum
466 2086 511 2142 us
532 2069 570 2142 et
585 2056 743 2174 singulus
761 2057 941 2174 dampnis,
965 2056 1053 2143 dum
1070 2058 1234 2158 decom
1252 2058 1390 2144 dommi
1410 2056 1468 2142 Μο
1491 2055 1670 2141 CCCC¹⁸⁰
1690 2054 1822 2141 xttllt
1843 2055 1973 2142 Cruor-

307 2247 312 2254 .
337 2176 426 2262 lenis
447 2173 496 2260 de
517 2173 675 2261 Prussia
692 2183 869 2293 gwerras
886 2172 1073 2280 mouebat,
1095 2179 1195 2262 iuxta
1212 2178 1402 2262 racionem
1417 2173 1684 2287 strenui-Petri
1705 2173 1973 2260 Schallranecz
2102 2239 2107 2247 -

185 2397 189 2404 ,
338 2293 616 2379 subcamerarii
640 2291 906 2377 Cracouiensis
927 2305 965 2376 et
984 2291 1089 2391 Petri
1109 2292 1299 2377 Medellan
1322 2291 1405 2400 (sic)
1427 2319 1572 2374 mecum
1593 2291 1750 2396 laetam,
1781 2321 1852 2408 pro
1872 2291 1973 2378 linali

338 2425 376 2497 ct
388 2409 554 2498 ultimate
569 2409 829 2526 expedicione,
845 2409 1044 2524 sexaginta
1061 2435 1210 2494 marcas
1226 2407 1433 2495 mediorum
1450 2435 1686 2523 grossorum,
1704 2435 1765 2492 me
1780 2411 1975 2526 recepisse

229 2631 233 2640 Ι
338 2539 423 2614 oum
446 2528 603 2613 ellectu:
633 2525 691 2612 De
713 2527 848 2642 quibus
870 2525 1019 2642 quidem
1040 2525 1280 2628 LX.,marcis
1301 2525 1454 2640 prelatis
1476 2523 1663 2610 dominum
1684 2524 1835 2643 Regem
1858 2526 1974 2646 quitto

338 2659 377 2731 et
395 2643 557 2732 absoluo
577 2673 646 2762 per
665 2658 863 2758 presentes
894 2643 1011 2758 ipsius
1042 2643 1312 2748 Serenitatem,
1340 2643 1560 2756 promittens
1588 2644 1706 2728 eciam
1733 2671 1811 2760 pro·
1830 2642 1974 2730 eisdem

333 2761 512 2879 'dampnis
548 2790 619 2847 nec
650 2761 901 2865 verbotenus,
938 2789 1010 2845 nec
1041 2791 1110 2877 per
1139 2760 1285 2878 aliquas
1317 2759 1464 2866 literas,
1501 2757 1716 2846 nullomodo
1747 2758 1975 2877 peramplius

338 2888 566 2965 ammonere.
623 2877 786 2965 Literam
815 2891 939 2964 tamen
970 2879 1089 2994 ipsius
1117 2877 1254 2965 domini
1284 2877 1410 2996 Regis
1441 2876 1705 2995 obligatoriam
1736 2880 1772 2965 in
1800 2879 1976 2994 ‚seruicijs

338 2995 479 3082 tamdiu
508 2993 609 3112 apud
632 3005 690 3085 me
708 2996 900 3096 retinebo,
932 3023 1129 3112 quousque
1156 3027 1226 3114 pro
1254 2997 1425 3111 seruicijs
1451 2998 1545 3080 meis
1572 2997 1654 3114 ipse
1682 2994 1855 3080 dominus
1886 2993 1974 3081 Rex

339 3131 411 3217 me,
433 3114 530 3201 sicut
549 3122 588 3197 et
607 3125 757 3198 ceteros
778 3109 1104 3226 constipendarios
1124 3113 1260 3200 reddet
1280 3124 1506 3206 contentum.
1541 3112 1584 3198 ln
1601 3142 1758 3229 quorum
1775 3110 1973 3199 clariorem

341 3229 594 3336 euidenciam,
625 3229 788 3346 sigillum
809 3259 930 3313 meum
953 3229 1188 3344 presentibus
1210 3244 1269 3317 est
1288 3229 1581 3347 subappensuma
1632 3228 1768 3316 Datum
1793 3233 1974 3318 Crocour'e

178 3387 184 3394 ·
339 3350 431 3435 leria
450 3359 585 3468 quarta
605 3348 641 3435 in
656 3347 783 3466 vigilia
799 3348 919 3434 sancti
938 3347 1073 3433 lacobi
1093 3347 1268 3465 Apostoli
1281 3349 1450 3468 gloriosi,
1471 3377 1572 3434 anno
1589 3345 1727 3436 domini
1747 3346 1805 3435 Μο
1817 3347 1973 3436 CCCC⁰

340 3465 489 3552 decimo
511 3467 714 3586 quinto-
726 3465 814 3551 Fuit
834 3466 871 3551 in
891 3466 1044 3582 racione
1065 3479 1102 3552 et
1119 3481 1180 3554 est
1198 3467 1334 3583 posita.

355 3721 358 3728 “
441 3711 482 3796 (¹)
509 3713 653 3781 Etubola
677 3713 849 3780 authentico
873 3714 1103 3782 membranacea
1124 3714 1156 3782 in
1177 3715 1368 3785 Vorsaviensi
1390 3713 1540 3782 tabulario
1562 3714 1684 3802 publico
1704 3713 1804 3802 Regni
1825 3711 1972 3782 Polooiao

339 3797 404 3870 ll‘-
413 3797 496 3871 llil)
509 3807 673 3890 commuto.
706 3798 845 3885 Sigillum
860 3798 1056 3882 desideratur.
1710 3812 1714 3822 ·
