4778 5952
1012 715 1287 826 -em-5-

334 917 396 1006 Re
508 917 666 1004 Polonie
687 930 725 1002 et
744 916 935 1008 dominum
954 917 1435 1031 nosmnnassumpslmns3
1465 915 1755 1032 Principesqne,
1776 917 1964 1028 Berones,

334 946 492 1124 Naidis
522 1041 564 1120 et'
578 1034 735 1144 quosvis
764 1034 917 1122 l'ncolus
947 1033 1163 1120 Terrarum*
1179 1029 1540 1150 ipsius.·Litbnanie,
1558 1043 1640 1148 'per
1660 1039 1964 1156 assumpoionem

226 1159 228 1166 ’
334 1183 446 1242 sacre
466 1151 554 1239 fidei
572 1149 759 1239 ortodoxe
779 1151 889 1239 nobis
909 1150 1168 1256 adunavimus,
1191 1179 1276 1237 oum
1296 1151 1430 1260 quibus
1446 1181 1515 1269 per
1530 1148 1642 1238 fidem
1659 1155 1746 1240 lacti
1760 1157 1965 1260 unanimes,

333 1272 425 1388 ipsis
455 1270 562 1356 firma
592 1267 668 1355 fide
699 1283 735 1354 et
762 1268 960 1359 inviolabili
992 1269 1197 1385 sponsione
1227 1269 1465 1383 promisimus
1497 1283 1534 1355 et
1564 1284 1695 1356 tenore
1726 1274 1965 1388 presencium

333 1387 581 1506 promittimus
616 1399 694 1475 toto
730 1417 846 1506 posse
883 1404 921 1475 et
949 1385 1109 1488 viribus,
1146 1399 1278 1472 contra
1313 1384 1468 1474 insultus
1500 1387 1747 1498 quorumlibet
1777 1389 1964 1475 bominum

203 1507 204 1512 ‘
226 1563 256 1624 .‘
333 1505 531 1610 assistere,
563 1519 600 1591 et
630 1532 699 1591 eos
729 1507 768 1592 in
789 1511 918 1590 eoru'm
939 1501 1226 1592 necessitatibus
1246 1505 1327 1590 sine
1348 1505 1436 1592 dolo
1458 1519 1495 1593 et
1514 1504 1648 1592 lraudo
1669 1503 1752 1616 (sic)
1773 1505 1964 1595 adiuvare:

334 1627 541 1741 eorumque
571 1621 784 1738 prolectas,
818 1621 1039 1726 commoda,
1070 1620 1242 1708 utilitates
1272 1617 1476 1710 erbonem
1508 1633 1705 1709 commune
1735 1623 1846 1722 velud
1876 1655 1965 1742 pro-

332 1740 453 1857 prium
482 1739 625 1825 salubri
656 1737 816 1826 et-lideli
842 1737 1097 1857 disposicione
1124 1735 1316 1846 ordioare;
1347 1739 1453 1850 quod
1473 1753 1511 1824 et
1530 1742 1601 1856 ipsi
1620 1740 1728 1828 nobis
1749 1743 1830 1857 pari
1850 1741 1965 1832 modo

333 1856 556 1944 tenebuntur
575 1858 702 1943 iacere
723 1859 806 1943 vice
827 1884 949 1945 verso.
1000 1856 1175 1960 Demum,
1208 1857 1294 1968 quia
1314 1855 1505 1973 prediatus
1526 1857 1709 1946 Dominus
1733 1859 1965 1950 Wladislaus

332 1973 420 2061 Rex
454 1973 616 2060 Polonie
652 1985 690 2058 et
723 1972 895 2061 dominns
931 1987 1062 2062 noster
1096 1974 1421 2094 graciosissimus,
1458 1997 1506 2060 ex
1541 1975 1695 2092 speciali
1731 1975 1966 2066 conlidencia

332 2091 535 2211 magnifico
571 2106 608 2178 et
636 2093 811 2210 preclaro
846 2093 1011 2210 Principi
1040 2089 1191 2180 domino
1227 2091 1457 2196 Allexaodro
1495 2094 1588 2181 alias
1621 2091 1832 2209 Wytbowd
1866 2095 1966 2184 Duci

331 2206 528 2296 Litbuanio
559 2224 629 2297 etc.
680 2209 905 2338 Supremum
941 2209 1195 2325 Principalem
1228 2211 1430 2306 Terrarum
1462 2209 1666 2300 earundem
1703 2209 1898 2301 Litbuanie
1929 2229 1966 2301 et

332 2341 544 2414 ceterorum
576 2325 823 2415 dominiorum
855 2356 1008 2415 suorum
1039 2325 1210 2415 Donatus
1232 2326 1333 2415 dedit
1354 2341 1391 2412 et
1412 2327 1584 2432 contulit,
1615 2343 1755 2416 etcum
1787 2330 1875 2418 loco
1906 2331 1964 2419 sui
2062 2416 2068 2421 .
2166 2331 2174 2336 ’
2305 2420 2309 2428 ,

332 2444 369 2529 in
400 2442 542 2531 eisdem
573 2445 699 2531 statuit
728 2444 777 2530 ad
809 2447 882 2533 vile
914 2445 1030 2563 ipsius
1063 2447 1255 2535 terminum
1285 2444 1445 2532 ultimum
1479 2461 1516 2531 et
1546 2461 1772 2554 extremum3
1805 2447 1963 2534 eundem

332 2555 521 2648 dominnm
551 2561 818 2648 Allexandrum
846 2563 941 2650 alias
969 2559 1179 2677 Wytbowd
1207 2563 1459 2650 constanciori
1478 2560 1614 2652 fidncia
1634 2567 1813 2681 prosequi
1833 2564 1965 2653 volen-

331 2689 401 2782 tes,
431 2691 469 2780 et
488 2691 601 2796 prout
620 2679 739 2796 ipsum
762 2681 896 2767 iustum
917 2693 975 2768 est
994 2677 1157 2768 reddere
1177 2679 1382 2776 cerciorem
1394 2687 1418 2783 ,'
1434 2680 1540 2767 suma
1561 2682 1769 2797 sponsione
1789 2696 1827 2767 et
1846 2682 1965 2770 invio·

332 2793 430 2883 labili
458 2797 668 2913 promisso,
705 2796 775 2885 sibi
805 2809 937 2885 tenore
965 2798 1202 2913 presencium
1238 2797 1504 2913 promittimus,
1541 2797 1643 2910 quod
1675 2829 1759 2884 oum
1791 2798 1965 2891 dominus

331 2929 462 3000 noster
491 2911 579 3004 Rex
598 2911 790 3029 predictus
812 2916 915 3000 eirca
934 2914 1190 3030 Principalem
1210 2912 1434 3032 Supremam
1456 2913 1659 3008 Terrarum
1680 2914 1893 3022 Litbuanic,
1927 2935 1965 3006 et

333 3045 544 3115 ceterorum
576 3028 823 3117 dominiorum
854 3060 1007 3117 snorum
1037 3028 1231 3135 Ducatus,
1265 3030 1315 3117 ad
1345 3033 1567 3150 vite'ipsius
1600 3031 1718 3118 Ducis
1741 3029 1963 3148 ,Wytbowd

331 3159 503 3264 tempora
536 3146 796 3252 conservabit,
832 3148 933 3233 iuxta
962 3159 1131 3234 tenorem
1162 3147 1347 3235 literarum
1378 3180 1447 3266 per
1481 3149 1679 3236 Dominum
1710 3148 1862 3268 Regem
1891 3151 1962 3268 ipsi

331 3262 430 3351 Duci
460 3260 697 3378 Wytbowdi>
727 3292 1007 3350 concessarum.
1059 3265 1116 3351 lta
1137 3279 1279 3367 tamen,
1312 3265 1414 3374 quod
1444 3281 1533 3382 post
1563 3263 1764 3353 decessum
1795 3268 1963 3355 eiusdem

331 3379 451 3468 Ducis
474 3379 718 3495 Wytbowdi,
749 3381 955 3498 Supremos
987 3379 1224 3498 Principatus
1249 3380 1452 3469 Terrarum
1476 3381 1672 3468 Litbnanie
1694 3399 1730 3469 et
1751 3400 1962 3471 ceterorum

332 3498 579 3585 dominiorum
600 3524 754 3583 suorum
774 3496 967 3603 Ducatus,
999 3527 1071 3584 una
1094 3528 1177 3584 cum
1200 3496 1308 3582 bonis
1330 3510 1367 3582 et
1386 3497 1514 3606 Terris
1537 3497 1704 3583 eiusdem
1732 3497 1850 3586 Ducis
1870 3499 1962 3616 Wy-

332 3613 476 3718 tbowdi
514 3612 800 3731 personalibus,
843 3613 943 3698 iuxta
985 3630 1154 3700 tenorem
1194 3613 1381 3700 literarum
1422 3645 1491 3731 per
1531 3612 1738 3732 predictum
1774 3615 1962 3704 dominum
2015 3635 2019 3648 '

331 3729 607 3846 Wytbowdum
638 3729 710 3846 ipsi
740 3729 890 3818 domino
923 3729 1027 3852 Regi
1058 3732 1297 3835 collatarum,
1327 3729 1376 3818 ad
1399 3733 1518 3850 ipsum
1541 3729 1729 3820 dominum
1753 3731 1905 3855 Regem
1928 3749 1965 3820 et

332 3847 486 3936 adeius
507 3877 754 3937 successores
766 3917 780 3953 ,
807 3877 854 3934 ac
882 3848 1073 3937 Coronam
1092 3847 1221 3970 Regni
1241 3848 1401 3938 Polooic
1422 3849 1561 3938 debent
1580 3853 1727 3956 reverti,
1758 3849 1907 3942 devolvi
1929 3871 1966 3942 et

331 3961 482 4052 reddire
503 3963 597 4077 (sic).
642 3963 710 4052 lllo
732 3967 852 4052 eciam
872 3971 952 4053 non'
969 3968 1156 4073 obmisso,
1188 3967 1342 4088 quodsi
1364 3967 1537 4059 dominus
1564 3985 1696 4056 noster
1727 3967 1964 4060 Wladislaus

331 4076 420 4168 Rex
437 4084 651 4198 predictus,
711 4081 784 4170 uod
805 4082 913 4171 Deus
934 4099 1091 4190 avertat,
1123 4086 1204 4172 sine
1224 4087 1330 4204 prole
1351 4085 1578 4190 decesserit,
1611 4101 1747 4172 extunc
1768 4087 1848 4174 sine
1869 4090 1963 4183 scitu

332 4213 370 4286 et
390 4199 546 4286 consilio
566 4117 739 4314 ipsinqu

330 4345 412 4402 rum
438 4313 643 4424 Terrarum
674 4310 870 4401 Litbnaoie
899 4318 1172 4432 predictarum,
1208 4319 1357 4434 Regem
1394 4333 1431 4404 et
1459 4317 1648 4404 dominum
1681 4319 1789 4407 nobis
1821 4323 1963 4440 eligere

331 4462 406 4520 non
444 4431 625 4519 debemus
666 4447 730 4516 aut
764 4461 916 4519 vocare.
974 4433 1067 4518 Cum
1104 4435 1237 4553 quibus
1273 4438 1417 4521 firmam
1459 4449 1496 4522 et
1527 4448 1761 4527 constantem
1794 4451 1963 4528 tenentes
2051 4431 2059 4445 ’

331 4545 528 4654 fiduciam,
560 4551 595 4635 in
617 4545 813 4635 dulcedine
833 4548 920 4636 fidei
941 4567 978 4638 ct
998 4552 1205 4638 visceribus
1234 4553 1327 4640 lesu
1355 4552 1491 4638 Christi
1522 4569 1739 4669 perpetuam
1761 4569 1797 4639 et
1816 4553 1961 4641 irrevo-

331 4663 490 4752 cabilem
520 4695 604 4752 oum
625 4668 716 4787 ipsis
737 4668 972 4759 servabimus
992 4669 1179 4758 unionem
1229 4670 1394 4776 llarum,
1427 4671 1560 4786 quibus
1581 4671 1703 4790 sigilla
1723 4686 1852 4760 nostra
1874 4688 1961 4759 sunt

280 4898 284 4907 Ι
329 4813 512 4901 appensa,
534 4785 743 4900 testimonio
763 4785 964 4873 literarum.
1015 4786 1151 4874 Actum
1173 4802 1210 4877 et
1230 4788 1357 4877 datum
1378 4789 1414 4875 io
1434 4781 1613 4901 Rodomy,
1636 4790 1672 4876 in
1692 4787 1818 4908 vigilia
1839 4791 1960 4883 suncti

1754 4920 1790 4975 on

742 4201 821 4284 ucis
844 4199 1066 4315 Wytbowdi
1087 4217 1123 4288 et
1142 4197 1358 4305 Beronum,
1393 4199 1657 4319 Nobiliomque
1678 4216 1713 4288 cl
1734 4201 1962 4318 Terrigena-
2102 4199 2106 4207 ’
