4778 5952
980 789 1024 806 -
1076 713 1154 826 'usa
1210 789 1254 804 --

300 957 351 1046 ris
367 953 642 1076 poloniealium,
662 953 805 1042 scilicet
819 951 912 1040 ΧΠ·
929 955 1019 1044 coto
1030 982 1195 1074 grossos
1216 955 1252 1040 in
1268 951 1467 1071 quamlibet
1483 971 1647 1072 marcam
1665 956 1931 1074 computando·

302 1075 463 1183 Centrum
492 1072 667 1159 videlicet
694 1085 735 1158 et
818 1073 1238 1192 'nquaginte.marcas,
1262 1071 1485 1189 quibusda
1515 1089 1645 1159 nostra
1675 1075 1871 1162 voluntate·
1896 1090 1933 1162 et

299 1221 489 1282 consensu
510 1189 719 1308 prodictam
738 1103 862 1277 villbm
884 1206 920 1278 et
941 1194 1026 1278 eius'
1047 1189 1223 1278 allodium
1240 1188 1414 1296 redemit,
1435 1206 1472 1276 at
1491 1192 1761 1310 quinquaginta
1782 1211 1931 1282 marcas

299 1312 453 1398 racione
473 1307 774 1424 ipsius-bdelium
795 1310 1063 1428 obsequiorum
1082 1306 1510 1426 denuotossignouimus
1532 1309 1780 1432 graciose‘et
1802 1324 1933 1397 tenore
2013 1353 2021 1368 x

299 1428 537 1546 presencium
557 1425 812 1532 mediantem
832 1427 917 1514 villa
938 1426 1135 1516 etallodio
1156 1424 1383 1542 supradicbs
1404 1427 1608 1534 donamus,
1630 1427 1781 1533 domus,
1803 1427 1932 1514 coclea

301 1547 414 1632 rimus
431 1561 468 1632 et
482 1545 715 1634 ascribimus.
748 1546 875 1659 Quam
893 1545 1040 1666 quidem
1056 1546 1178 1633 villam
1195 1547 1364 1633 Maezaei>
1385 1575 1469 1632 cum
1487 1573 1559 1633 sno
1573 1544 1722 1651 allodio,
1737 1544 1932 1633 lohannes

299 1663 490 1782 pandionis
512 1691 595 1750 cum
612 1665 711 1750 omi
720 1666 807 1782 jure
822 1679 860 1750 et
874 1663 1050 1771 dominio,
1071 1665 1187 1784 agris,
1207 1663 1335 1780 pratis,
1356 1664 1510 1780 campis,
1531 1664 1665 1768 borris,
1685 1662 1799 1768 siluis,
1821 1665 1932 1782 gaijs,
2004 1739 2007 1744 .

218 1840 222 1846 »
300 1783 466 1887 maricis,
497 1783 731 1888 nenroribus,
762 1811 859 1868 nucu
888 1783 1103 1886 acionibus,
1134 1781 1421 1887 venacionibus,
1453 1780 1632 1868 mellilicis
1653 1783 1747 1893 (sic),
1766 1782 1932 1900 piscinis,

301 1901 518 2016 piscaturis,
550 1900 727 2002 lacubus,
758 1813 977 2017 paludibus,
1008 1901 1135 2020 aqr's,
1165 1897 1447 1988 molendinis'et
1468 1899 1722 2005 emolimentis,
1741 1901 1933 2007 censibus,

300 2017 499 2124 brictibus,
519 2019 780 2135 prouentibus,
802 2017 1021 2126 redditibus,
1041 2017 1293 2136 pertinencijs,
1313 2017 1510 2135 appendijs
1531 2046 1578 2103 ac
1599 2018 1835 2135 coherencijs
1856 2017 1933 2106 uni·

300 2137 442 2241 uersis,
474 2150 585 2255 prout
614 2136 782 2254 predicta
814 2138 901 2231 villa
932 2153 970 2225 et
988 2138 1104 2254 ipsius
1132 2131 1308 2222 allodium
1336 2139 1374 2222 in
1393 2138 1472 2224 suis
1494 2135 1665 2223 limitibus
1686 2151 1724 2224 et
1743 2137 1933 2256 maniciis,

300 2255 349 2342 ab
369 2253 453 2372 aliis
473 2253 862 2343 circunrlcrencialiter
882 2271 941 2342 eet
960 2254 1081 2343 diuisa
1101 2268 1139 2343 et
1158 2253 1353 2361 distincto,
1385 2253 1539 2357 tenebit,
1560 2253 1720 2358 babebit,
1743 2256 1935 2342 utilrbetut
1968 2325 1974 2336 .

300 2385 338 2462 et
364 2373 487 2490 quiete
518 2372 727 2488 possidebit
758 2386 834 2460 tam
864 2371 948 2481 diu,
978 2382 1181 2494 quousque
1198 2371 1391 2488 prediatus
1409 2369 1592 2458 ducentas
1612 2372 1852 2459 marcessibi
1873 2373 1935 2458 uel

300 2492 379 2578 suis
400 2491 589 2608 legittimis
609 2491 918 2597 successor'druS,
948 2521 1019 2610 per
1043 2519 1120 2579 nos
1149 2503 1216 2575 aut
1246 2495 1399 2578 nostros
1429 2517 1677 2577 successoros
1705 2491 1777 2577 inte
1809 2491 1936 2577 naliter

300 2609 432 2696 luerint
461 2606 665 2726 persoluto.
717 2607 866 2722 Quibus
888 2608 1059 2696 ducentis
1085 2605 1222 2694 marcis
1242 2607 1420 2724 predictis
1442 2607 1593 2712 solutis,
1624 2606 1723 2692 dicta
1742 2519 1828 2693 viba
1849 2607 1934 2694 cum

244 2733 249 2744 ’
274 2725 439 2813 'allodio
461 2725 511 2812 ad
533 2756 624 2834 noe,
657 2725 716 2812 uel
737 2725 787 2812 ad
808 2756 1057 2815 successores
1079 2739 1232 2814 nostros
1253 2726 1366 2844 pleno
1388 2725 1466 2810 iure
1488 2721 1627 2811 diuolui
1649 2723 1731 2836 (sic)
1755 2740 1792 2811 et
1811 2723 1938 2812 redire

300 2842 461 2932 debebit
487 2843 645 2952 Harum,
668 2845 802 2964 quibus
816 2843 978 2964 sigillum
1000 2858 1171 2932 nostrum
1191 2858 1250 2931 est
1265 2871 1485 2961 appensum,
1508 2842 1718 2929 testimonio
1734 2842 1935 2929 literarum.
2063 2923 2067 2930 .

300 2959 437 3048 Datum
458 2963 494 3047 in
519 2967 686 3075 Glyconi
702 2963 785 3074 (sic)
803 2959 878 3074 (ὓ),
902 2963 994 3049 laria
1016 2961 1186 3052 mctmda
1205 2963 1244 3049 in
1264 2961 1432 3048 crastino
1453 2959 1594 3048 Sancte
1614 2959 1813 3065 Trinitatis,
1834 2989 1935 3048 mun

303 3078 445 3166 domini
466 3077 660 3166 millesimo
681 3078 838 3194 quadrin
870 3080 1052 3166 entesimo
1073 3078 1233 3166 decimo.
1795 3177 1799 3190 κ

401 3185 564 3286 Relatio
577 3195 822 3286 ‚mcuarobilis
841 3109 981 3288 boemi
1004 3195 1188 3288 tubanus
1204 3195 1362 3286 necant
1387 3210 1426 3285 ct
1453 3195 1632 3284 (ambici
1658 3191 1936 3302 Cracouicnsis,

303 3313 431 3435 Regni
452 3311 614 3402 Polonie
633 3312 954 3402 Vicecancellarii.

403 3514 445 3597 (²)
474 3513 621 3600 Glim'my
634 3513 781 3600 oppidum
796 3514 830 3582 in
844 3513 970 3599 antiquo
984 3511 1158 3584 l’rlrtiautu
1169 3513 1300 3582 numne
1313 3517 1408 3581 Terra
1421 3531 1495 3580 reru
1508 3513 1704 3617 Leopullenri
1718 3515 1819 3580 ritum.
1897 3564 1900 3570 .

1045 3799 1199 3920 cuxt.

349 4023 352 4030 ’
447 4017 870 4119 Somdomtrtue,
897 4033 1053 4107 omno
1078 4017 1216 4105 1411
1242 4020 1296 4105 d.
1324 4017 1362 4104 2
1388 4040 1556 4105 mene.
1583 4015 1796 4106 Martii.

376 4187 692 4264 Wlfflfllufl
706 4189 775 4262 Bt!
788 4189 1057 4363 lolomlgllu
1071 4191 1352 4384 uflfflilt‘uqtupqym
1374 4187 1479 4278 rollo
1492 4187 1651 4262 tanobo
1664 4187 1705 4260 dc
1719 4186 1860 4259 saroa

998 4307 1113 4363 Um}
1213 4307 1235 4363 d
1304 4343 1312 4363 .
1612 4313 1619 4328 '

405 4459 640 4550 Wladislaus
655 4423 863 4666 deipracia
880 4458 967 4548 Rex
982 4460 1154 4566 Polonie,
1171 4461 1467 4598 Lytbwoniequc
1481 4441 1668 4580 Princeps
1684 4488 1882 4600 supremus
1898 4477 1936 4554 et

303 4579 416 4709 bores
440 4577 582 4668 Russie
603 4595 674 4670 eto.
746 4577 982 4699 igmbcamus
1002 4594 1133 4670 tenore
1153 4599 1390 4698 presencium
1411 4579 1546 4698 quibus
1567 4577 1719 4700 expedit
1738 4583 1933 4672 umuersis

405 4793 444 4879 (ι)
472 4793 521 4862 m
534 4794 697 4883 nomem
711 4797 945 4867 memmae
959 4797 991 4865 n
1006 4797 1197 4866 umnam
1214 4750 1362 4866 nnuma
1376 4797 1499 4884 patrm
1520 4797 1617 4883 negot
1639 4797 1783 4865 nouum
1799 4797 1856 4868 ru·
1870 4798 1933 4867 eor
2040 4819 2045 4827 ·

168 4964 173 4974 ι
306 4881 535 4960 wsmari
548 4879 677 4966 sigillum
692 4879 788 4950 dcent
995 4922 1000 4934 ·
1325 4934 1329 4943 .
