4788 5926
1082 677 1332 746 ..gn-

250 887 273 1018 p
393 877 507 964 nobili
527 879 608 965 viro
628 876 844 978 Btoleslao)
865 876 975 962 Duce
994 875 1164 981 Polonie,
1194 875 1243 961 de
1264 876 1359 962 villis
1375 875 1440 960 vel
1461 873 1728 963 hereditatibus
1749 880 2018 992 pertinentibus

392 994 444 1082 ad
474 1003 652 1084 Nooroct
684 995 747 1100 de,
772 1001 910 1095 Wlem,
946 1022 1196 1112 possessores
1226 1024 1356 1080 earum
1388 1023 1519 1080 omnes
1555 995 1710 1082 lecimus
1747 1023 1873 1082 coram
1906 999 2016 1086 nobis
2048 1019 2053 1024 '

393 1142 634 1230 comparere,
666 1114 765 1199 scire
796 1112 984 1215 volentes,
1017 1141 1093 1227 quo
1114 1111 1228 1197 modo
1248 1113 1308 1198 vel
1330 1142 1404 1229 qua
1424 1111 1569 1198 ratione
1590 1111 1640 1196 ad
1662 1143 1730 1200 eos
1752 1117 2017 1230 possessiones

393 1230 642 1318 devenissent.
683 1230 783 1319 lnter
803 1261 900 1348 quos
920 1227 1145 1317 venerabilis
1166 1244 1274 1346 pater
1295 1229 1466 1316 dominus
1489 1230 1621 1316 Abbas
1643 1229 1691 1317 de
1711 1237 1839 1344 Sytroo
1861 1263 2015 1350 compa-

391 1349 461 1434 ruit
486 1347 719 1468 privilegium
749 1345 1122 1466 pie'recordacionis
1155 1347 1405 1434 Wlodiszlavi
1435 1347 1496 1433 filii
1528 1346 1678 1434 Odonis
1711 1349 1826 1436 Ducis
1859 1350 2017 1438 Polonie

391 1468 578 1599 integrum
608 1481 645 1552 et
672 1467 816 1553 illesum
837 1465 886 1552 de
907 1465 993 1554 villa
1015 1497 1089 1583 que
1108 1471 1311 1551 Strasowiz
1332 1465 1482 1572 dicitur,
1512 1496 1586 1581 que
1607 1465 1655 1552 ad
1679 1465 1816 1552 dictum
1838 1472 2017 1554 Noorcck

390 1584 609 1700 pertinebat
630 1583 739 1672 nobis
761 1586 933 1672 offerens·
946 1583 1016 1669 sub
1039 1584 1109 1670 hac
1130 1585 1264 1671 lorma:
1891 1687 1897 1700 ι

491 1701 554 1805 „ln
576 1705 724 1790 nomine
745 1717 876 1790 sancte
897 1716 934 1786 et
948 1699 1136 1793 individue
1157 1702 1339 1788 trinitatis.
1375 1698 1535 1788 Noverit
1549 1733 1709 1819 presens
1725 1716 1818 1808 etas,
1840 1706 2015 1790 omnium·
2123 1709 2132 1725 '

391 1849 463 1936 que
479 1821 684 1906 futurorum
694 1822 927 1937 posteritas,''
944 1834 1013 1905 etc.
1028 1824 1128 1927 (Vid.
1136 1827 1370 1933 priuilepr'um
1385 1825 1795 1931 Vludisloifilzi'Odcm's
1805 1827 2016 1905 Pannoniae

391 1943 448 2021 die
467 1941 511 2024 3·
530 1945 662 2024 menses
690 1943 784 2024 Iolci
810 1969 909 2023 anno
941 1941 1038 2024 1232
1070 1945 1304 2051 impertitum,
1336 1943 1389 2024 N⁰
1406 1943 1534 2022 XXIII
1538 1942 1811 2050 praemissum).

489 2051 539 2139 Et
560 2056 647 2172 quia
668 2055 901 2142 donaciones
932 2071 968 2142 et
998 2071 1085 2143 vota
1115 2053 1277 2143 fidelium
1310 2055 1642 2142 asuocessoribus
1667 2055 1857 2173 legittimis
1878 2054 2017 2142 debent
2049 2121 2052 2128 .

390 2173 508 2258 teneri
528 2171 685 2258 fideliter
705 2188 742 2259 et
763 2175 927 2277 servari,
960 2171 1095 2260 dictam
1126 2175 1250 2261 villam
1278 2167 1405 2259 domui
1429 2171 1644 2289 supradicte
1665 2171 1949 2277 confirmamuS,
1981 2190 2016 2259 et

284 2391 287 2396 Ι
388 2289 420 2374 si
451 2289 499 2375 illi
530 2291 647 2378 nostri
682 2293 879 2380 munimine
914 2291 1150 2380 roboramus.
1201 2293 1300 2378 Acta
1334 2306 1420 2380 sunt
1449 2291 1522 2376 hec
1552 2321 1652 2377 anno
1679 2288 1816 2377 domini
1847 2289 1904 2376 Μ0
1935 2289 2049 2382 CC⁰.

387 2318 487 2514 [ilfi
515 2407 605 2495 ldus
626 2409 727 2497 lunii
745 2414 782 2498 in
804 2405 1013 2520 Tusrneffl).
1055 2411 1207 2497 Testes:
1239 2409 1392 2498 Wictco
1414 2409 1689 2500 Thesaumrius
1710 2422 1857 2511 noster,
1889 2406 2014 2495 Bene-

386 2523 508 2614 dictus
531 2527 739 2641 Subjudex,
760 2528 928 2614 Thomas
950 2527 1187 2644 Subdepiler.

488 2771 529 2856 (²)
561 2773 691 2860 Turzyn,
707 2773 852 2861 oppidum
869 2773 1039 2858 parochiale
1054 2775 1285 2842 Petrioovlensis
1300 2775 1441 2839 territorii
1457 2783 1488 2841 et
1502 2776 1640 2859 regionis.
1695 2807 1698 2813 ·
1846 2803 1849 2808 ·

1121 3107 1279 3223 XLlll.

525 3375 883 3474 cammerano,
910 3396 1065 3464 omno
1091 3375 1238 3462 1²61
1265 3378 1357 3462 doe
1382 3377 1438 3464 6.
1464 3401 1533 3464 m.
1559 3378 1876 3464 Fcomordt.

455 3551 699 3652 'casnmm
713 3580 809 3653 uren
821 3578 982 3653 tanutotcc
998 3585 1031 3653 nt
1045 3555 1190 3676 ttujuviie
1206 3581 1379 3673 decretum,
1395 3582 1585 3656 nonnum
1600 3539 1808 3676 Sulmonensi
1821 3579 1928 3654 villan
2069 3609 2073 3621 ·

467 3683 696 3769 Batorzyctom
714 3680 754 3752 tu
769 3697 832 3772 qun
845 3681 946 3753 cidem
958 3683 1310 3869 ”miilffllii
1319 3683 1442 3756 notun
1456 3682 1600 3756 roloniae
1615 3683 1705 3756 litum
1717 3681 1926 3770 morderent,

485 4003 528 4090 ln
549 4006 698 4093 nomine
719 4003 869 4110 domini,
892 4033 1011 4090 amen.
1046 4001 1152 4092 Licet
1172 4020 1256 4090 acta
1276 4003 1463 4091 hominum
1485 4009 1621 4092 noticie
1643 4008 1865 4124 subjaceant
1886 4010 2013 4125 singu-

386 4121 526 4226 lorum,
558 4153 742 4238 processu
763 4135 888 4210 tamen
911 4121 1109 4239 temporis,
1142 4121 1297 4210 testibus
1320 4121 1578 4212 deficientibus
1600 4125 1792 4246 legitimis,
1825 4126 2012 4214 hominum

385 4236 531 4323 actibus
560 4243 752 4328 consuevit
780 4243 989 4358 calumpnia
1011 4243 1229 4344 novercari,
1261 4242 1292 4328 si
1314 4242 1515 4330 litterarum
1538 4245 1750 4330 testimonio
1773 4273 1841 4330 seu
1864 4244 2011 4330 testium

385 4355 668 4471 subscripcione
688 4356 846 4444 lucidius
866 4389 943 4444 non
964 4360 1098 4472 luerint
1117 4360 1309 4448 roborata.
1342 4358 1425 4448 Nos
1441 4363 1552 4480 igitur
1573 4361 1786 4448 Kazimirus
1803 4360 1863 4448 dei
1879 4361 2012 4478 gracia

383 4472 471 4559 Dux
500 4471 677 4560 Lancioie
708 4485 746 4558 et
778 4472 943 4589 Cujavie'
963 4495 1091 4566 notum
1123 4479 1279 4566 lecimus
1305 4479 1508 4586 universis,
1541 4496 1615 4566 tam
1637 4479 1876 4598 presentibus
1899 4508 2011 4596 quam

472 4719 527 4817 tf)
554 4723 581 4786 E
595 4724 697 4789 tabula
713 4721 886 4788 authentica
902 4724 1131 4792 membranacea
1146 4728 1226 4795 doct.
1242 4728 1459 4815 Stroncnvrlsoii
1477 4729 1608 4818 propriu,
1622 4727 1719 4813 sigillo
1731 4729 1797 4815 jam
1810 4728 1965 4804 destituta,
1979 4734 2011 4792 et

291 4852 296 4861 .
385 4825 504 4871 uonnru
518 4804 652 4872 funiculo
667 4810 765 4874 scrico
780 4808 847 4875 lluvi
863 4807 974 4874 coloris
990 4808 1088 4874 adhuc
1103 4811 1256 4880 instructu.
