4788 5926
953 1125 977 1150 .,
1072 1022 1231 1137 LXIV.
1361 1029 1364 1034 ’

515 1355 519 1365 .
588 1269 881 1366 daromae,
906 1266 1059 1354 1284
1086 1268 1180 1352 coe
1203 1265 1275 1350 os
1302 1290 1372 1352 m.
1399 1268 1718 1355 recrearer.
1858 1205 1911 1227 '⁵
2050 1238 2054 1248 ¹

367 1443 677 1545 Prcmtslarrs
692 1421 832 1545 llbox
845 1443 991 1543 roloniae
1005 1469 1143 1564 bojorix,
1157 1469 1252 1542 rilloe
1268 1424 1428 1558 Trolczyn
1441 1413 1560 1541 nicolai
1574 1413 1769 1543 mosomum
1782 1417 1934 1568 badensis

590 1572 956 1667 procumbebamus
970 1571 1321 1664 otiumuuitotcojoric
1336 1569 1497 1643 Teutonici
1511 1570 1644 1662 largitor
1659 1573 1711 1658 (¹).

436 1797 480 1882 lu
509 1795 660 1884 nomine
688 1793 844 1902 domini,
876 1825 997 1882 amen
1048 1794 1147 1882 Dum
1177 1795 1265 1881 uiuit
1292 1793 1433 1898 littera,
1463 1794 1552 1880 uiuit
1582 1809 1619 1880 et
1639 1796 1737 1884 actio
1766 1796 1968 1884 commissa

333 1909 475 2022 littere,
506 1917 613 2001 ouius
633 1917 802 2001 assercio
825 1917 935 2000 nutrit
954 1914 1192 2016 memoriam,
1225 1927 1263 1998 et
1288 1913 1468 2006 roborata
1501 1913 1657 2028 suscipit
1686 1915 1965 2002 incrementum.
2077 1937 2082 1940 ·

336 2030 456 2151 Igitur
469 2045 542 2119 nos
558 2031 750 2118 secundus
772 2030 933 2118 Premizl
949 2031 1010 2117 dei
1026 2033 1158 2149 gracia
1173 2030 1259 2116 Dux
1276 2031 1444 2134 polonie,
1465 2045 1592 2115 uotum
1609 2031 1766 2118 iacimus
1782 2033 1968 2119 uniuersis

334 2164 409 2236 tam
430 2150 667 2268 presentibus
689 2180 799 2268 quam
816 2150 956 2253 futuris,
976 2163 1187 2265 presentem
1205 2150 1383 2266 paginam
1398 2150 1642 2264 inspecturis:
1665 2149 1766 2266 quod
1785 2151 1967 2237 intuentes

332 2264 457 2352 fidelc‘
474 2269 675 2353 seruicium
706 2282 744 2353 et
770 2269 857 2352 utile
888 2263 1011 2352 dilecli
1041 2265 1161 2352 militis
1192 2268 1309 2351 nostri
1341 2267 1485 2352 comitis
1522 2263 1685 2378 Nicolay
1722 2267 1964 2382 Tbezaurarij

331 2381 553 2488 Laudamia,
575 2397 613 2470 et
633 2385 752 2470 eciam
775 2398 911 2469 statum
933 2399 1032 2470 terre
1053 2395 1181 2468 nostre
1199 2383 1391 2497 cupientes
1413 2383 1448 2466 in
1464 2380 1596 2466 melios
1613 2382 1829 2478 reformare,
1852 2412 1966 2500 super

334 2531 405 2590 sua
420 2501 633 2588 'hereditate
656 2531 727 2618 que
750 2494 1042 2613 Tropcocoiooffl)
1062 2500 1255 2616 wlgariter
1270 2513 1515 2612 nuncupatur,
1537 2498 1607 2583 sibi
1623 2498 1778 2583 liberum
1795 2498 1966 2584 dedimus
2080 2496 2084 2504 ’

333 2619 523 2704 arbitrium
544 2619 696 2704 locandi
717 2619 773 2704 ius
795 2619 1066 2719 theutonicum,
1098 2646 1144 2702 eo
1165 2618 1264 2719 iure,
1296 2645 1371 2730 quo
1392 2644 1524 2700 omnes
1545 2616 1714 2700 ciuitates
1736 2629 1774 2700 et
1794 2613 1878 2700 uilla
1899 2644 1967 2732 per

333 2733 539 2823 districtum
560 2737 678 2822 nostri
700 2735 850 2851 domioij
873 2733 1122 2851 possidentur.
1174 2734 1228 2820 lta
1260 2731 1452 2832 uidelicet,
1483 2746 1524 2818 ut
1544 2731 1678 2818 eadem
1706 2732 1896 2818 hereditas
1917 2733 1966 2819 ab

294 2939 296 2942 ,
336 2853 508 2940 omnibus
529 2853 784 2939 solucionibus
806 2852 1009 2969 polonicis,
1041 2851 1175 2967 quibus
1196 2862 1366 2950 nostrum
1387 2852 1525 2965 potitur
1546 2847 1758 2954 dominium,
1781 2862 1966 2966 perpetuo

313 2972 381 3056 sit
400 2985 594 3086 exempta,
626 3001 649 3055 a
670 3003 813 3071 coroa,
844 2976 1029 3082 apoteca,
1062 2998 1084 3053 a
1098 2978 1268 3080 preood,
1289 2996 1314 3052 a
1333 2986 1480 3067 strozc,
1502 2977 1784 3077 apodcoroce,
1806 2997 1828 3052 a
1850 2969 1966 3054 castri
2016 3019 2019 3024 ·

333 3086 539 3188 ellanicus,
570 3086 621 3172 ab
642 3093 767 3200 opole,
800 3115 823 3171 a
844 3086 964 3189 boue,
995 3113 1181 3189 auacca,
1212 3113 1235 3170 a
1258 3085 1338 3170 ciso
1361 3086 1394 3194 (t
1409 3084 1500 3193 ailo)
1522 3081 1726 3193 mellis(³)‚
1755 3099 1792 3170 et
1811 3084 1861 3170 ab
1882 3083 1966 3202 alijs
2039 3117 2056 3142 ⁸

332 3204 505 3292 omnibus
526 3203 791 3308 solucionibcs,
815 3202 1102 3322 quibuscunque
1122 3201 1332 3288 nominibus
1352 3213 1589 3286 censeantur.
1621 3199 1673 3286 Ut
1693 3201 1816 3287 autem
1834 3203 1965 3290 melius
1988 3309 1989 3312 p

331 3319 429 3408 dicta
461 3319 651 3408 hareditas
677 3321 913 3424 informetur,
944 3320 1067 3406 incole
1088 3317 1254 3404 eiusdem
1276 3316 1493 3404 hereditatis
1508 3326 1696 3431 poradlco
1717 3317 1867 3405 soluere
1887 3349 1965 3406 uon

283 3451 539 3548 „teneantur
591 3437 642 3525 Ut
672 3453 794 3523 autem
822 3437 895 3523 bec
915 3449 1046 3523 nostra
1078 3433 1241 3522 donacio
1272 3429 1454 3549 perpetuo
1485 3433 1705 3518 inuioiabiiis
1734 3449 1965 3548 perseueret,
2064 3463 2069 3474 ‘
2174 3494 2181 3504 -

434 3683 445 3768 l
452 3683 478 3767 ¹}
504 3684 644 3750 Etobulo
656 3683 829 3749 authentico
842 3670 1084 3759 membranacea,
1095 3679 1411 3765 rttcomittstosephi
1422 3678 1573 3746 Rusieclrii
1587 3682 1720 3766 propria,
1733 3681 1822 3767 cujus¹
1832 3681 1962 3767 sigilium

333 3767 533 3846 ottonianae
541 3789 604 3868 quo
615 3789 782 3854 appensum
794 3767 898 3844 luisse,
909 3767 1058 3832 foramina
1069 3768 1200 3832 rotunda
1212 3766 1354 3844 indicant,
1361 3765 1425 3850 jam
1437 3765 1658 3831 desiderantur.
1681 3765 1767 3832 Coni.
1776 3767 1963 3851 privilegium

330 3851 462 3920 Bolecloi
485 3853 578 3924 Ducis
600 3853 814 3918 Posnoniensis
837 3851 909 3916 anni
935 3851 1016 3916 lato
1039 3851 1067 3914 in
1089 3849 1231 3916 Lelcrelii
1253 3852 1373 3934 saepius
1395 3851 1518 3915 laudato
1541 3871 1649 3933 opere:
1671 3849 1812 3932 Poozqtlo.
1824 3849 1963 3938 prowod.

353 3937 425 4002 ololc
446 3955 475 4022 p.
500 3935 562 4004 198
582 3953 674 4022 seqq:
698 3935 782 4021 quod
805 3936 903 4001 rillom
926 3935 1004 4000 banc
1028 3935 1205 4022 Trqbczyn‚
1227 3935 1268 3999 ibi
1293 3935 1447 4020 Tropciao
1469 3935 1596 4011 dictam,
1620 3944 1694 3999 tunc
1716 3935 1841 3999 Nicoloo
1864 3933 1963 4001 eidem

328 3957 530 4087 lummene>
546 4019 585 4086 do
602 4020 705 4086 Lenda
719 4020 853 4102 (verbum
870 4020 951 4084 enim
963 4019 1125 4098 ,‚dctendo''
1137 4040 1295 4105 perperam
1309 4019 1420 4084 ibidem
1436 4019 1614 4085 oLelevclio
1625 4021 1737 4084 lactum
1750 4027 1781 4083 et
1791 4019 1962 4104 expositum

331 4104 424 4187 cell-n
435 4105 573 4171 Ducibus
590 4105 728 4169 Bolesloc
744 4113 774 4168 et
788 4104 956 4169 Premisloo
971 4106 998 4168 ll
1015 4103 1158 4170 donatam
1173 4104 1267 4168 luisse
1282 4103 1380 4168 docet

432 4187 474 4271 (t)
504 4189 682 4274 Tropcryno
697 4189 795 4253 villam
810 4187 921 4254 frustra
938 4189 968 4252 iu
982 4187 1110 4252 Polocio
1125 4188 1327 4272 quaesiverim
1353 4187 1408 4252 scd
1422 4187 1503 4251 nullo
1517 4184 1591 4251 mibi
1607 4193 1655 4250 est
1670 4183 1837 4262 dubitatio,
1859 4185 1909 4253 bic
1923 4185 1962 4256 do
2093 4213 2097 4220 ·

239 4237 241 4240 Ι
329 4271 399 4340 villo
414 4272 577 4356 parochiali
594 4273 755 4358 Yrqlezyn
769 4271 951 4338 Coniuemic
966 4272 1119 4336 territorii.
1129 4280 1161 4336 ct
1173 4272 1303 4354 regionis
1319 4271 1377 4352 ogi,
1393 4290 1489 4356 prope
1503 4269 1649 4418 qppidum
1664 4270 1836 4355 uagorowo
1848 4272 1915 4350 sito,
1931 4280 1963 4338 ct

330 4356 450 4422 duobus
464 4355 585 4422 circiter
599 4357 747 4421 milliariis
760 4356 798 4421 ob
813 4357 927 4441 oppido
943 4353 1043 4433 [adai
1060 4355 1151 4438 (atuh
1163 4357 1290 4440 antiquo
1302 4354 1453 4418 coenobio
1468 4353 1511 4432 La
1544 4354 1589 4419 rel
1604 4354 1705 4418 Lenda
1718 4355 1809 4437 dicto)
1821 4355 1961 4422 distante.

328 4438 449 4508 Nomou
472 4439 627 4526 Tmopooioo
645 4440 748 4504 cidem
762 4440 848 4505 uilloc
864 4442 893 4504 in
909 4439 1083 4525 supradicto
1098 4439 1170 4504 ouoi
1188 4438 1269 4504 1276
1286 4436 1440 4521 privilegio
1455 4437 1578 4515 dutum,
1600 4448 1734 4506 nostram
1750 4439 1827 4507 banc
1841 4438 1961 4534 opinio·

328 4543 400 4590 nom
421 4525 467 4591 vel
483 4525 614 4590 maxime
636 4524 817 4592 cotobrmora
836 4525 963 4590 ridetur.
999 4522 1104 4602 Quum
1126 4523 1205 4587 onim
1229 4521 1396 4586 secuudum
1419 4523 1576 4609 antiquom
1597 4523 1786 4588 Polcoorum
1809 4521 1960 4588 scribendi

329 4608 477 4674 rationem
501 4609 611 4675 voculis
631 4631 655 4674 oo
673 4611 745 4674 loco*
765 4632 787 4690 q
808 4618 841 4675 ct
861 4631 877 4690 c
898 4606 1075 4693 saepissime
1096 4607 1170 4692 poni
1190 4604 1352 4686 eit-solite,
1378 4607 1535 4693 sequitur,
1555 4616 1591 4674 ut
1606 4607 1760 4692 Tropaea
1774 4605 1855 4670 idem
1870 4606 1910 4672 sit
1922 4627 1960 4674 oc

330 4691 484 4780 Ilqpnioo
499 4693 545 4758 rol
562 4693 591 4758 Τ
587 4693 749 4780 rqbosyoo.
995 4732 1000 4742 ·
1954 4740 1958 4751 .

430 4775 470 4861 (³)
498 4776 567 4843 vio.
586 4778 666 4861 opud
689 4775 893 4844 Nokicleoium
909 4775 968 4842 tob.
983 4775 1057 4842 ouui
1071 4773 1152 4840 1290
1167 4795 1195 4859 p.
1209 4774 1289 4852 214,
1301 4773 1362 4840 ubi
1378 4772 1417 4840 dc
1431 4775 1516 4860 cryso,
1537 4795 1600 4842 non
1614 4781 1717 4861 eutem
1732 4772 1773 4840 do
1783 4773 1848 4840 ¹cieo
1861 4775 1959 4848 mellei

329 4858 364 4926 fit
378 4861 504 4928 montio.
533 4859 690 4930 Clctiom
700 4861 892 4928 ¹Glossarium
908 4859 1056 4944 Ducougii
1072 4858 1178 4927 rarbb.
1192 4857 1321 4943 Ceratum
1336 4867 1367 4926 et
1380 4859 1466 4941 caluo.
1891 4909 1895 4915 .

2049 3051 2057 3094 l
