4788 5926
1064 703 1312 793 ‘7⁰⁸-

373 902 462 991 Dux
483 902 651 1020 Cuyavie
672 917 708 989 et
726 899 950 1016 Lanobinie,
970 917 1096 991 notum
1118 901 1275 990 lacinus
1295 902 1533 1018 presentibus
1554 918 1592 990 et
1611 904 1761 1011 luturis,
1782 906 1886 1025 quod
1906 909 2006 998 bone

373 1022 554 1110 memorie
596 1021 735 1107 Comes
766 1018 962 1136 Nycolaus
993 1013 1183 1132 quondam
1229 1017 1351 1108 fidelis
1383 1021 1696 1110 Tbezaurizarius
1727 1023 1825 1136 (sic)
1854 1042 2010 1134 noster,

374 1135 497 1227 villam
519 1151 557 1226 et
575 1137 727 1224 fundum
760 1135 1050 1258 que'Byssooic
1070 1138 1264 1257 wlgariter
1294 1154 1549 1256 nuncupatur,
1582 1170 1666 1227 cum
1688 1143 1859 1230 omnibus
1891 1147 2005 1262 perti-

375 1257 518 1345 nenciis
554 1257 651 1363 suis,
699 1269 737 1340 et
772 1287 856 1342 cunt
891 1257 1007 1363 villis,
1055 1286 1214 1375 quarum
1249 1257 1399 1343 nomina
1436 1270 1523 1344 sunt
1542 1257 1636 1344 bec:
1667 1265 1897 1348 Wrotoerito
1918 1291 2004 1349 cum

376 1376 541 1462 sortibus
562 1373 640 1460 suis
662 1375 744 1462 sive
766 1376 896 1481 bonis,
926 1375 1121 1466 videlicet:
1153 1381 1301 1486 prtioc
1323 1388 1360 1462 et
1380 1379 1581 1488 Popeteco,
1614 1374 1735 1461 eidem
1756 1375 2004 1466 Wircbocino

375 1492 625 1596 attinentibus,
646 1497 801 1598 Sodlno,
832 1500 1051 1594 Wonsoono,
1076 1495 1245 1579 Gorseco
1266 1523 1346 1578 eum
1365 1495 1571 1605 Jooysseoo
1588 1508 1691 1580 sorte
1708 1494 1777 1582 sibi
1794 1493 2003 1612 adjacente,

376 1607 640 1721 Μισήίιιοβ)
678 1639 763 1696 cum
797 1611 968 1698 omnibus
1003 1605 1261 1728 pertinenciis,
1297 1605 1510 1698 utilitatibus
1547 1625 1585 1696 et
1605 1612 1753 1728 juribus
1789 1615 1868 1700 suis
1893 1615 2005 1701 nobis

376 1729 525 1835 obtulit,
572 1743 609 1816 et
629 1757 759 1816 coram
781 1723 998 1816 Beronibus
1021 1730 1189 1816 'nostris
1208 1730 1435 1848 resignavit,
1509 1745 1631 1834 etens,
1667 1743 1707 1816 ut
1734 1734 2002 1818 monasterium

378 1847 656 1963 Cysterciensis
679 1843 819 1934 ordinis
840 1845 976 1934 ibidem
996 1847 1154 1933 fundare
1184 1846 1437 1965 dignaremur.
1480 1759 1566 1934 llos
1586 1877 1679 1933 vero
1701 1848 1837 1934 cultum
1860 1848 1920 1934 dei
1941 1851 2003 1965 pio

377 1964 599 2053 devocionis
619 1967 756 2052 ellectu
777 1966 970 2080 cupientes
992 1993 1233 2082 promovere,
1271 1965 1407 2053 dictam
1429 1965 1552 2066 villam
1574 1979 1611 2050 et
1630 1964 1781 2052 fundum
1804 1995 1889 2054 cum
1909 1968 2004 2054 villis

377 2084 662 2200 prenominatis,
695 2084 790 2169 sicut
809 2082 1071 2170 idemComes
1094 2083 1208 2168 tenuit
1217 2116 1236 2186 ,·
1258 2084 1480 2170 contulimus
1501 2083 1575 2171 deo
1597 2097 1634 2170 et
1654 2083 1765 2169 beate
1785 2113 1834 2169 ec
1854 2115 2006 2202 semper

377 2201 548 2318 gloriose
569 2203 705 2319 virgini
723 2201 865 2304 lllarie,
903 2215 941 2286 et
960 2201 1138 2288 iratribus
1169 2200 1219 2286 de
1238 2199 1415 2290 Bissovia
1435 2203 1472 2287 in
1495 2200 1700 2287 remedium
1720 2202 1842 2286 anime
1862 2216 2003 2309 nostre,

377 2317 769 2438 predecessorumque
790 2347 837 2405 ao
853 2348 1121 2408 successorum
1142 2331 1367 2427 nostrorum,
1389 2349 1557 2407 necnon
1579 2333 1617 2405 et
1636 2319 1723 2405 dicti
1746 2316 1902 2408 Comitis
1922 2317 2003 2436 Ny·

377 2435 491 2538 oolai,
522 2435 572 2522 ad
603 2435 896 2524 construendum
929 2437 1129 2527 claustrum
1162 2467 1249 2523 cum
1279 2438 1341 2525 dei
1371 2438 1556 2554 adjutorio
1587 2452 1625 2523 et
1644 2449 1777 2524 nostro
1800 2439 2003 2554 juvamine,

377 2583 461 2640 cum
483 2556 657 2642 omnibus
679 2555 914 2672 pertinenciis
935 2557 1014 2643 suis
1034 2585 1083 2641 ac
1104 2556 1316 2642 utilitatibus
1336 2557 1541 2658 universiS,
1571 2552 1746 2640 videlicet
1766 2557 1874 2640 terris
1895 2557 2004 2643 cultis

377 2686 416 2756 et
435 2672 595 2776 incultis,
618 2674 781 2790 stagnis,
804 2673 911 2778 riviS,
931 2676 1063 2790 pretiS,
1085 2674 1257 2790 pascuis,
1280 2671 1496 2789 paludibuS,
1518 2671 1695 2772 lacubus,
1717 2671 1830 2776 silvis,
1852 2672 2005 2778 rubetis,

378 2805 415 2876 et
436 2790 668 2897 nemoribus,
700 2789 880 2877 mellificis
904 2823 1056 2911 quoque
1076 2806 1114 2878 et
1134 2790 1287 2876 liberum
1302 2819 1367 2904 jus
1387 2787 1576 2908 piscandi,
1608 2803 1779 2876 castores
1799 2791 1835 2875 in
1856 2793 2006 2910 stagnis
2092 2887 2094 2892 ,

263 2991 276 3024 ἱ,
378 2906 569 3026 capiendi,
616 2911 942 2996 etauctoritatem
978 2911 1015 2997 in
1033 2908 1214 3028 predictis
1244 2905 1512 2995 hereditatibus
1547 2903 1721 2994 venandi.
1774 2905 1912 2996 Omnia
1933 2909 2004 2996 ista

267 3022 285 3041 ⁸
377 3028 452 3116 inte
503 3028 717 3114 elratribus
734 3026 868 3115 ibidem
885 3027 958 3114 deo
974 3027 1223 3116 servientibus
1241 3025 1463 3114 contulimus
1471 3027 1559 3142 jure
1569 3038 1751 3144 perpetuo
1762 3025 2004 3140 possidenda.

284 3203 292 3238 ,ι
377 3058 562 3246 Dedidms
584 3147 701 3232 eciam
723 3143 902 3232 iratribus
918 3137 965 3232 ac
985 3146 1195 3233 hominibus
1225 3146 1261 3231 in
1282 3145 1363 3262 ipsa
1385 3136 1576 3262 Bysscvia
1598 3158 1634 3229 et
1654 3144 1690 3229 in
1711 3142 1805 3232 villis
1825 3144 2004 3260 predictis

380 3264 718 3370 commorantibus,
754 3277 794 3350 ut
814 3274 1016 3378 apreuod,
1063 3295 1244 3379 apouoz,
1266 3296 1422 3376 wyucz,
1450 3271 1607 3375 wymed,
1633 3279 1814 3368 aestans,
1844 3267 2003 3362 cesot'ca,

379 3411 404 3470 a
424 3417 562 3484 oarcz,
584 3412 609 3470 a
629 3402 787 3486 mortue,
818 3391 1065 3497 aporcdlue,
1087 3391 1328 3495 apoooloue,
1353 3389 1597 3495 poduorooe,
1620 3395 1658 3466 et
1677 3409 1699 3465 a
1721 3397 1866 3484 sunzo,
1898 3391 1935 3466 et
1955 3377 2005 3466 ab

379 3502 478 3590 omni
499 3501 571 3588 alio
596 3533 820 3622 quocunque
841 3493 1082 3620 gravamine,
1113 3500 1217 3588 liberi
1238 3502 1387 3620 penitus
1408 3500 1481 3587 sint
1502 3514 1539 3586 et
1558 3498 1731 3586 absoluti.
1772 3502 1913 3583 Soelol
1931 3526 2005 3584 non

380 3621 607 3721 custodient,
640 3635 677 3703 et
697 3636 887 3705 castorum
910 3634 1087 3738 captores
1108 3617 1278 3738 recipere
1298 3649 1373 3704 non
1394 3618 1636 3724 tenebuntur;
1667 3613 1717 3700 ad
1739 3614 2006 3731 expediciones

378 3769 455 3826 non
491 3737 613 3842 ibunt,
661 3749 821 3852 excepto
858 3737 959 3840 solo,
1006 3738 1158 3854 quando
1182 3739 1349 3852 Cuyavie
1386 3735 1435 3820 ab
1456 3735 1580 3822 alieno
1611 3734 1777 3822 exercitu
1798 3733 2006 3823 invadetur.
2107 3801 2111 3806 .

381 3853 531 3944 Nullum
554 3870 719 3942 castrum
749 3883 873 3970 neque
892 3883 1054 3958 novum,
1092 3885 1215 3969 neque
1236 3869 1344 3940 vetus
1366 3851 1612 3959 edificabunt3
1652 3849 1702 3938 ad
1723 3865 1873 3968 pontem
1895 3850 2011 3940 castri

381 3976 533 4095 quando
554 3977 676 4094 ipsum
696 4002 874 4091 reparare
896 3972 1137 4090 contingerit,
1154 4000 1235 4058 non
1256 3967 1498 4075 laborabunt,
1528 3999 1652 4088 neque
1673 3967 1824 4080 aliquod
1845 3967 2007 4084 vectigal

380 4095 611 4212 prestabunt.
644 4092 691 4180 Et
712 4108 750 4180 ut
770 4091 942 4210 ampliori
962 4089 1088 4211 adbuc
1108 4102 1238 4177 nostra
1261 4102 1410 4175 utantur
1429 4089 1581 4207 gracia,
1613 4087 1806 4190 volumus,
1827 4103 1867 4174 ut
1886 4087 2008 4173 nullus

483 4341 884 4445 prudentissume
905 4345 1037 4424 dictum,
1062 4342 1131 4409 villa
1150 4342 1334 4426 parochialis
1355 4341 1386 4406 in
1409 4341 1454 4406 bl.
1476 4340 1595 4406 Ducatu
1622 4336 1834 4413 posnaniensi,
1864 4332 2011 4431 territorii

381 4433 513 4515 regionis
537 4451 576 4496 ue
591 4427 828 4525 Bydgpstiensis;
846 4429 872 4492 P
917 4429 1020 4504 ‘eleum
1035 4427 1193 4514 praedium
1208 4425 1405 4526 rusticumnd
1418 4423 1545 4523 eandem
1558 4424 1656 4521 villam
1669 4425 1837 4509 pertinens:
1851 4420 2010 4516 praedium

381 4537 454 4582 vero
468 4453 588 4602 Rydr'no
604 4533 666 4579 non
682 4531 857 4576 invenimus.
872 4452 938 4577 dd
952 4513 1086 4580 neovilla
1102 4511 1247 4578 Gorneae
1262 4535 1292 4576 ιιι
1304 4531 1428 4596 regione
1445 4507 1645 4595 Brdgostrenst
1660 4515 1767 4586 exstat,
1783 4527 1840 4572 nec
1851 4503 2012 4588 praedium

380 4599 565 4668 tancmer
588 4607 636 4665 eet
648 4604 750 4662 tanum
766 4595 923 4679 praedium
937 4598 1063 4662 Jnnowo
1080 4597 1117 4662 ad
1134 4597 1258 4663 ssaviam
1274 4596 1385 4661 Brdarn
1401 4595 1507 4669 eitum,
1522 4593 1607 4658 villae
1625 4593 1816 4678 Trzysrezyn
1830 4588 2012 4674 proximum,

257 4677 262 4690 '
383 4685 465 4771 quod
480 4684 517 4748 ad
534 4682 751 4750 monasterium
768 4680 995 4778 Coronnvieuae
1009 4682 1101 4766 (prius
1115 4680 1324 4767 Byszoriensel
1339 4679 1518 4766 pertinebat
1551 4678 1597 4742 De
1612 4677 1770 4761 Bysaovia,
1792 4675 1910 4752 Sanno,
1926 4672 2012 4744 Wie-

366 4789 493 4844 ,aowoo
508 4776 541 4832 et
552 4769 753 4854 lnpszczpno
770 4765 864 4844 villis,
885 4783 1025 4850 supernus
1040 4767 1069 4832 in
1085 4768 1279 4833 annotatione
1294 4761 1429 4852 secunda
1442 4771 1473 4828 et
1487 4763 1575 4829 tertia
1591 4761 1628 4826 ad
1645 4761 1738 4849 privil.
1762 4762 1817 4828 Nm
1832 4755 2013 4824 xxxvttt·

382 4853 580 4943 praemissum
597 4853 688 4918 locuti
702 4871 817 4919 sumus
1646 4859 1650 4864 ’
1934 4847 1942 4864 “
