<?xml version="1.0" encoding="UTF-8"?>
<!DOCTYPE html PUBLIC "-//W3C//DTD XHTML 1.0 Transitional//EN"
    "http://www.w3.org/TR/xhtml1/DTD/xhtml1-transitional.dtd">
<html xmlns="http://www.w3.org/1999/xhtml" xml:lang="en" lang="en">
 <head>
  <title>
</title>
<meta http-equiv="Content-Type" content="text/html;charset=utf-8" />
  <meta name='ocr-system' content='tesseract 3.04.00' />
  <meta name='ocr-capabilities' content='ocr_page ocr_carea ocr_par ocr_line ocrx_word'/>
</head>
<body>
  <div class='ocr_page' id='page_1' title='image "./codexdiplomatic02bartgoog_0229.png"; bbox 0 0 4780 5922; ppageno 0'>
   <div class='ocr_carea' id='block_1_1' title="bbox 997 779 1272 850">
    <p class='ocr_par' dir='ltr' id='par_1_1' title="bbox 997 779 1272 850">
     <span class='ocr_line' id='line_1_1' title="bbox 997 779 1272 850; baseline 0 0"><span class='ocrx_word' id='word_1_1' title='bbox 997 779 1272 850; x_wconf 81' lang='lat' dir='ltr'><strong>-tul-</strong></span> 
     </span>
    </p>
   </div>
   <div class='ocr_carea' id='block_1_2' title="bbox 204 976 2077 2515">
    <p class='ocr_par' dir='ltr' id='par_1_2' title="bbox 316 976 2077 1805">
     <span class='ocr_line' id='line_1_2' title="bbox 319 976 1950 1102; baseline 0.004 -35"><span class='ocrx_word' id='word_1_2' title='bbox 319 981 608 1102; x_wconf 83' lang='lat' dir='ltr'><strong>prijs,·pagare</strong></span> <span class='ocrx_word' id='word_1_3' title='bbox 628 977 838 1064; x_wconf 74' lang='lat' dir='ltr'>tenebimur</span> <span class='ocrx_word' id='word_1_4' title='bbox 857 976 1040 1094; x_wconf 86' lang='lat' dir='ltr'><strong>expedite.</strong></span> <span class='ocrx_word' id='word_1_5' title='bbox 1083 977 1311 1097; x_wconf 87' lang='lat' dir='ltr'><strong>Obligantes</strong></span> <span class='ocrx_word' id='word_1_6' title='bbox 1332 979 1404 1098; x_wconf 91' lang='lat' dir='ltr'><strong>ipsi</strong></span> <span class='ocrx_word' id='word_1_7' title='bbox 1423 978 1675 1088; x_wconf 83' lang='lat' dir='ltr'><strong>nihilominus,</strong></span> <span class='ocrx_word' id='word_1_8' title='bbox 1697 983 1747 1070; x_wconf 93' lang='lat' dir='ltr'><strong>ob</strong></span> <span class='ocrx_word' id='word_1_9' title='bbox 1769 985 1950 1074; x_wconf 89' lang='lat' dir='ltr'><strong>maiorem</strong></span> 
     </span>
     <span class='ocr_line' id='line_1_3' title="bbox 319 1094 2077 1217; baseline 0.003 -31"><span class='ocrx_word' id='word_1_10' title='bbox 319 1098 586 1201; x_wconf 74' lang='lat' dir='ltr'><strong>certitudinem,</strong></span> <span class='ocrx_word' id='word_1_11' title='bbox 608 1095 770 1186; x_wconf 72' lang='lat' dir='ltr'><strong>illustres</strong></span> <span class='ocrx_word' id='word_1_12' title='bbox 789 1109 829 1183; x_wconf 86' lang='lat' dir='ltr'><strong>et</strong></span> <span class='ocrx_word' id='word_1_13' title='bbox 848 1094 993 1184; x_wconf 90' lang='lat' dir='ltr'><strong>nobiles</strong></span> <span class='ocrx_word' id='word_1_14' title='bbox 1013 1095 1118 1187; x_wconf 88' lang='lat' dir='ltr'><strong>viros</strong></span> <span class='ocrx_word' id='word_1_15' title='bbox 1139 1095 1357 1183; x_wconf 88' lang='lat' dir='ltr'><strong>Heinricum</strong></span> <span class='ocrx_word' id='word_1_16' title='bbox 1378 1110 1415 1184; x_wconf 87' lang='lat' dir='ltr'><strong>et</strong></span> <span class='ocrx_word' id='word_1_17' title='bbox 1434 1095 1647 1205; x_wconf 84' lang='lat' dir='ltr'><strong>Ernestum,</strong></span> <span class='ocrx_word' id='word_1_18' title='bbox 1668 1102 1859 1217; x_wconf 81' lang='lat' dir='ltr'><strong>patrueles</strong></span> <span class='ocrx_word' id='word_1_19' title='bbox 1879 1134 1950 1192; x_wconf 92' lang='lat' dir='ltr'><strong>no·</strong></span> <span class='ocrx_word' id='word_1_20' title='bbox 2035 1115 2044 1148; x_wconf 67' lang='lat'>⁸</span> <span class='ocrx_word' id='word_1_21' title='bbox 2071 1189 2077 1206; x_wconf 84' lang='grc'><em>,</em></span> 
     </span>
     <span class='ocr_line' id='line_1_4' title="bbox 318 1210 1949 1338; baseline 0.002 -34"><span class='ocrx_word' id='word_1_22' title='bbox 318 1232 420 1304; x_wconf 83' lang='lat' dir='ltr'><strong>stros</strong></span> <span class='ocrx_word' id='word_1_23' title='bbox 437 1217 486 1303; x_wconf 86' lang='lat' dir='ltr'><strong>de</strong></span> <span class='ocrx_word' id='word_1_24' title='bbox 501 1210 724 1334; x_wconf 84' lang='lat' dir='ltr'><strong>Brunswig,</strong></span> <span class='ocrx_word' id='word_1_25' title='bbox 746 1212 1005 1332; x_wconf 87' lang='lat' dir='ltr'><strong>Hermannum</strong></span> <span class='ocrx_word' id='word_1_26' title='bbox 1021 1215 1172 1302; x_wconf 82' lang='lat' dir='ltr'><strong>fratrem</strong></span> <span class='ocrx_word' id='word_1_27' title='bbox 1187 1230 1368 1316; x_wconf 88' lang='lat' dir='ltr'><strong>nostrum,</strong></span> <span class='ocrx_word' id='word_1_28' title='bbox 1388 1214 1598 1314; x_wconf 73' lang='lat' dir='ltr'><strong>iohannem</strong></span> <span class='ocrx_word' id='word_1_29' title='bbox 1616 1218 1787 1305; x_wconf 89' lang='lat' dir='ltr'><strong>comitem</strong></span> <span class='ocrx_word' id='word_1_30' title='bbox 1804 1220 1852 1306; x_wconf 94' lang='lat' dir='ltr'><strong>de</strong></span> <span class='ocrx_word' id='word_1_31' title='bbox 1874 1222 1949 1338; x_wconf 90' lang='lat' dir='ltr'><strong>Cy-</strong></span> 
     </span>
     <span class='ocr_line' id='line_1_5' title="bbox 318 1327 1950 1454; baseline 0.004 -33"><span class='ocrx_word' id='word_1_32' title='bbox 318 1332 484 1453; x_wconf 74' lang='lat' dir='ltr'><strong>giubaiq</strong></span> <span class='ocrx_word' id='word_1_33' title='bbox 505 1331 729 1420; x_wconf 91' lang='lat' dir='ltr'><strong>avunculum</strong></span> <span class='ocrx_word' id='word_1_34' title='bbox 750 1348 930 1437; x_wconf 88' lang='lat' dir='ltr'><strong>nostrum,</strong></span> <span class='ocrx_word' id='word_1_35' title='bbox 951 1347 988 1420; x_wconf 93' lang='lat' dir='ltr'><strong>et</strong></span> <span class='ocrx_word' id='word_1_36' title='bbox 1009 1332 1199 1448; x_wconf 84' lang='lat' dir='ltr'><strong>Sylridum</strong></span> <span class='ocrx_word' id='word_1_37' title='bbox 1221 1327 1392 1422; x_wconf 86' lang='lat' dir='ltr'><strong>obmitem</strong></span> <span class='ocrx_word' id='word_1_38' title='bbox 1409 1331 1458 1419; x_wconf 92' lang='lat' dir='ltr'><strong>de</strong></span> <span class='ocrx_word' id='word_1_39' title='bbox 1474 1333 1782 1454; x_wconf 85' lang='lat' dir='ltr'><strong>Wydalginstein</strong></span> <span class='ocrx_word' id='word_1_40' title='bbox 1800 1336 1950 1428; x_wconf 82' lang='lat' dir='ltr'><strong>fidelem</strong></span> 
     </span>
     <span class='ocr_line' id='line_1_6' title="bbox 318 1449 1949 1570; baseline 0.004 -31"><span class='ocrx_word' id='word_1_41' title='bbox 318 1465 497 1554; x_wconf 88' lang='lat' dir='ltr'><strong>nostrum,</strong></span> <span class='ocrx_word' id='word_1_42' title='bbox 517 1449 755 1538; x_wconf 84' lang='lat' dir='ltr'><strong>fideiussorie</strong></span> <span class='ocrx_word' id='word_1_43' title='bbox 774 1453 813 1537; x_wconf 91' lang='lat' dir='ltr'><strong>in</strong></span> <span class='ocrx_word' id='word_1_44' title='bbox 832 1451 932 1538; x_wconf 85' lang='lat' dir='ltr'><strong>bunc</strong></span> <span class='ocrx_word' id='word_1_45' title='bbox 952 1450 1117 1557; x_wconf 76' lang='lat' dir='ltr'><strong>modum,</strong></span> <span class='ocrx_word' id='word_1_46' title='bbox 1137 1450 1320 1556; x_wconf 85' lang='lat' dir='ltr'><strong>videlicet,</strong></span> <span class='ocrx_word' id='word_1_47' title='bbox 1343 1450 1445 1570; x_wconf 93' lang='lat' dir='ltr'><strong>quod</strong></span> <span class='ocrx_word' id='word_1_48' title='bbox 1466 1453 1498 1539; x_wconf 87' lang='lat' dir='ltr'><strong>si</strong></span> <span class='ocrx_word' id='word_1_49' title='bbox 1518 1483 1591 1544; x_wconf 88' lang='lat' dir='ltr'><strong>nos</strong></span> <span class='ocrx_word' id='word_1_50' title='bbox 1612 1455 1649 1539; x_wconf 91' lang='lat' dir='ltr'><strong>in</strong></span> <span class='ocrx_word' id='word_1_51' title='bbox 1665 1453 1949 1561; x_wconf 77' lang='lat' dir='ltr'><strong>dictotermino,</strong></span> 
     </span>
     <span class='ocr_line' id='line_1_7' title="bbox 316 1569 2046 1690; baseline 0.003 -34"><span class='ocrx_word' id='word_1_52' title='bbox 316 1570 388 1687; x_wconf 87' lang='lat' dir='ltr'><strong>ipsi</strong></span> <span class='ocrx_word' id='word_1_53' title='bbox 408 1570 591 1687; x_wconf 81' lang='lat' dir='ltr'><strong>prefatam</strong></span> <span class='ocrx_word' id='word_1_54' title='bbox 611 1569 794 1690; x_wconf 86' lang='lat' dir='ltr'><strong>peccunia</strong></span> <span class='ocrx_word' id='word_1_55' title='bbox 813 1600 996 1658; x_wconf 89' lang='lat' dir='ltr'><strong>summam</strong></span> <span class='ocrx_word' id='word_1_56' title='bbox 1016 1600 1094 1658; x_wconf 93' lang='lat' dir='ltr'><strong>non</strong></span> <span class='ocrx_word' id='word_1_57' title='bbox 1112 1571 1440 1688; x_wconf 73' lang='lat' dir='ltr'><strong>persoluerimus,</strong></span> <span class='ocrx_word' id='word_1_58' title='bbox 1460 1583 1597 1658; x_wconf 81' lang='lat' dir='ltr'><strong>extunc</strong></span> <span class='ocrx_word' id='word_1_59' title='bbox 1620 1602 1705 1658; x_wconf 90' lang='lat' dir='ltr'><strong>cum</strong></span> <span class='ocrx_word' id='word_1_60' title='bbox 1727 1575 1856 1660; x_wconf 88' lang='lat' dir='ltr'><strong>moniti</strong></span> <span class='ocrx_word' id='word_1_61' title='bbox 1876 1575 1949 1661; x_wconf 90' lang='lat' dir='ltr'><strong>eri-</strong></span> <span class='ocrx_word' id='word_1_62' title='bbox 2044 1627 2046 1643; x_wconf 60' lang='grc' dir='ltr'>ι</span> 
     </span>
     <span class='ocr_line' id='line_1_8' title="bbox 316 1685 1949 1805; baseline 0.003 -32"><span class='ocrx_word' id='word_1_63' title='bbox 316 1717 412 1791; x_wconf 79' lang='lat' dir='ltr'><strong>murs,</strong></span> <span class='ocrx_word' id='word_1_64' title='bbox 439 1688 535 1774; x_wconf 88' lang='lat' dir='ltr'><strong>inira</strong></span> <span class='ocrx_word' id='word_1_65' title='bbox 555 1717 734 1792; x_wconf 92' lang='lat' dir='ltr'><strong>mensem,</strong></span> <span class='ocrx_word' id='word_1_66' title='bbox 755 1685 854 1774; x_wconf 88' lang='lat' dir='ltr'><strong>diem</strong></span> <span class='ocrx_word' id='word_1_67' title='bbox 876 1689 1097 1799; x_wconf 76' lang='lat' dir='ltr'><strong>municionis</strong></span> <span class='ocrx_word' id='word_1_68' title='bbox 1118 1687 1329 1775; x_wconf 78' lang='lat' dir='ltr'><strong>immediate</strong></span> <span class='ocrx_word' id='word_1_69' title='bbox 1350 1697 1581 1805; x_wconf 88' lang='lat' dir='ltr'><strong>sequentem,</strong></span> <span class='ocrx_word' id='word_1_70' title='bbox 1604 1687 1742 1776; x_wconf 90' lang='lat' dir='ltr'><strong>dictam</strong></span> <span class='ocrx_word' id='word_1_71' title='bbox 1764 1691 1949 1780; x_wconf 86' lang='lat' dir='ltr'><strong>ciuitatem</strong></span> 
     </span>
    </p>

    <p class='ocr_par' dir='ltr' id='par_1_3' title="bbox 204 1805 1949 1913">
     <span class='ocr_line' id='line_1_9' title="bbox 204 1805 1949 1913; baseline 0.003 -22"><span class='ocrx_word' id='word_1_72' title='bbox 204 1879 205 1882; x_wconf 7' lang='grc' dir='ltr'><strong><em>κ</em></strong></span> <span class='ocrx_word' id='word_1_73' title='bbox 317 1805 543 1893; x_wconf 84' lang='lat' dir='ltr'><strong>Crekouiam</strong></span> <span class='ocrx_word' id='word_1_74' title='bbox 564 1835 640 1892; x_wconf 86' lang='lat' dir='ltr'><strong>una</strong></span> <span class='ocrx_word' id='word_1_75' title='bbox 661 1835 747 1892; x_wconf 90' lang='lat' dir='ltr'><strong>eum</strong></span> <span class='ocrx_word' id='word_1_76' title='bbox 767 1805 908 1894; x_wconf 89' lang='lat' dir='ltr'><strong>eisdem</strong></span> <span class='ocrx_word' id='word_1_77' title='bbox 929 1805 1216 1894; x_wconf 82' lang='lat' dir='ltr'><strong>fideiussoribus</strong></span> <span class='ocrx_word' id='word_1_78' title='bbox 1237 1807 1374 1894; x_wconf 91' lang='lat' dir='ltr'><strong>nostris</strong></span> <span class='ocrx_word' id='word_1_79' title='bbox 1396 1807 1635 1913; x_wconf 81' lang='lat' dir='ltr'><strong>intrabimus,</strong></span> <span class='ocrx_word' id='word_1_80' title='bbox 1667 1805 1760 1894; x_wconf 84' lang='lat' dir='ltr'><strong>inde·</strong></span> <span class='ocrx_word' id='word_1_81' title='bbox 1773 1839 1850 1895; x_wconf 94' lang='lat' dir='ltr'><strong>non</strong></span> <span class='ocrx_word' id='word_1_82' title='bbox 1871 1809 1949 1897; x_wconf 84' lang='lat' dir='ltr'><strong>exi-</strong></span> 
     </span>
    </p>

    <p class='ocr_par' dir='ltr' id='par_1_4' title="bbox 247 1913 2051 2515">
     <span class='ocr_line' id='line_1_10' title="bbox 317 1913 2051 2045; baseline 0.002 -35"><span class='ocrx_word' id='word_1_83' title='bbox 317 1925 406 2029; x_wconf 92' lang='lat' dir='ltr'><strong>turi,</strong></span> <span class='ocrx_word' id='word_1_84' title='bbox 437 1924 507 2011; x_wconf 90' lang='lat' dir='ltr'><strong>nisi</strong></span> <span class='ocrx_word' id='word_1_85' title='bbox 539 1922 673 2010; x_wconf 92' lang='lat' dir='ltr'><strong>eudem</strong></span> <span class='ocrx_word' id='word_1_86' title='bbox 694 1925 854 2043; x_wconf 85' lang='lat' dir='ltr'><strong>pecunia</strong></span> <span class='ocrx_word' id='word_1_87' title='bbox 873 1923 1085 2041; x_wconf 84' lang='lat' dir='ltr'><strong>prescripto</strong></span> <span class='ocrx_word' id='word_1_88' title='bbox 1107 1923 1259 2017; x_wconf 90' lang='lat' dir='ltr'><strong>domino</strong></span> <span class='ocrx_word' id='word_1_89' title='bbox 1278 1954 1426 2045; x_wconf 89' lang='lat' dir='ltr'><strong>genero</strong></span> <span class='ocrx_word' id='word_1_90' title='bbox 1448 1939 1601 2031; x_wconf 88' lang='lat' dir='ltr'><strong>nostro,</strong></span> <span class='ocrx_word' id='word_1_91' title='bbox 1632 1924 1862 2044; x_wconf 80' lang='lat' dir='ltr'><strong>integraliter</strong></span> <span class='ocrx_word' id='word_1_92' title='bbox 1881 1913 1973 2042; x_wconf 59' lang='lat' dir='ltr'><strong>per&#39;</strong></span> <span class='ocrx_word' id='word_1_93' title='bbox 2039 1957 2051 1974; x_wconf 87' lang='lat'><strong>·</strong></span> 
     </span>
     <span class='ocr_line' id='line_1_11' title="bbox 317 2040 1949 2162; baseline 0.001 -34"><span class='ocrx_word' id='word_1_94' title='bbox 317 2069 389 2128; x_wconf 89' lang='lat' dir='ltr'><strong>uos</strong></span> <span class='ocrx_word' id='word_1_95' title='bbox 411 2040 544 2134; x_wconf 89' lang='lat' dir='ltr'><strong>traditu</strong></span> <span class='ocrx_word' id='word_1_96' title='bbox 566 2043 615 2152; x_wconf 68' lang='lat' dir='ltr'><strong>¹sit</strong></span> <span class='ocrx_word' id='word_1_97' title='bbox 647 2056 684 2128; x_wconf 91' lang='lat' dir='ltr'><strong>et</strong></span> <span class='ocrx_word' id='word_1_98' title='bbox 704 2043 838 2130; x_wconf 89' lang='lat' dir='ltr'><strong>soluta.</strong></span> <span class='ocrx_word' id='word_1_99' title='bbox 878 2043 1022 2130; x_wconf 86' lang='lat' dir='ltr'><strong>[lantes</strong></span> <span class='ocrx_word' id='word_1_100' title='bbox 1044 2040 1115 2130; x_wconf 90' lang='lat' dir='ltr'><strong>sibi</strong></span> <span class='ocrx_word' id='word_1_101' title='bbox 1134 2041 1205 2129; x_wconf 89' lang='lat' dir='ltr'><strong>has</strong></span> <span class='ocrx_word' id='word_1_102' title='bbox 1226 2041 1353 2132; x_wconf 87' lang='lat' dir='ltr'><strong>literas</strong></span> <span class='ocrx_word' id='word_1_103' title='bbox 1373 2042 1497 2160; x_wconf 88' lang='lat' dir='ltr'><strong>sigillo</strong></span> <span class='ocrx_word' id='word_1_104' title='bbox 1519 2056 1651 2131; x_wconf 88' lang='lat' dir='ltr'><strong>nostro</strong></span> <span class='ocrx_word' id='word_1_105' title='bbox 1671 2042 1825 2131; x_wconf 88' lang='lat' dir='ltr'><strong>llrmiter</strong></span> <span class='ocrx_word' id='word_1_106' title='bbox 1846 2043 1949 2162; x_wconf 86' lang='lat' dir='ltr'><strong>sigil-</strong></span> 
     </span>
     <span class='ocr_line' id='line_1_12' title="bbox 316 2157 1981 2278; baseline 0.002 -34"><span class='ocrx_word' id='word_1_107' title='bbox 316 2158 423 2262; x_wconf 90' lang='lat' dir='ltr'><strong>latas‚</strong></span> <span class='ocrx_word' id='word_1_108' title='bbox 444 2189 641 2276; x_wconf 88' lang='lat' dir='ltr'><strong>supereo.</strong></span> <span class='ocrx_word' id='word_1_109' title='bbox 677 2157 728 2246; x_wconf 91' lang='lat' dir='ltr'><strong>Et</strong></span> <span class='ocrx_word' id='word_1_110' title='bbox 748 2189 819 2248; x_wconf 91' lang='lat' dir='ltr'><strong>nos</strong></span> <span class='ocrx_word' id='word_1_111' title='bbox 838 2159 1086 2248; x_wconf 85' lang='lat' dir='ltr'><strong>fideiussores</strong></span> <span class='ocrx_word' id='word_1_112' title='bbox 1106 2160 1316 2277; x_wconf 87' lang='lat' dir='ltr'><strong>prescripti,</strong></span> <span class='ocrx_word' id='word_1_113' title='bbox 1338 2162 1651 2276; x_wconf 69' lang='lat' dir='ltr'><strong>recognoscimus</strong></span> <span class='ocrx_word' id='word_1_114' title='bbox 1673 2162 1817 2278; x_wconf 90' lang='lat' dir='ltr'><strong>prelato</strong></span> <span class='ocrx_word' id='word_1_115' title='bbox 1834 2160 1950 2248; x_wconf 80' lang='lat' dir='ltr'><strong>domi·</strong></span> <span class='ocrx_word' id='word_1_116' title='bbox 1975 2258 1981 2269; x_wconf 44' lang='lat'><strong>,</strong></span> 
     </span>
     <span class='ocr_line' id='line_1_13' title="bbox 316 2275 1949 2396; baseline 0.002 -33"><span class='ocrx_word' id='word_1_117' title='bbox 316 2305 367 2363; x_wconf 92' lang='lat' dir='ltr'><strong>no</strong></span> <span class='ocrx_word' id='word_1_118' title='bbox 387 2289 539 2382; x_wconf 90' lang='lat' dir='ltr'><strong>nostro,</strong></span> <span class='ocrx_word' id='word_1_119' title='bbox 561 2275 713 2364; x_wconf 91' lang='lat' dir='ltr'><strong>dominu</strong></span> <span class='ocrx_word' id='word_1_120' title='bbox 734 2276 927 2386; x_wconf 86' lang='lat' dir='ltr'><strong>Kezimiro</strong></span> <span class='ocrx_word' id='word_1_121' title='bbox 948 2276 1052 2396; x_wconf 84' lang='lat' dir='ltr'><strong>Regi</strong></span> <span class='ocrx_word' id='word_1_122' title='bbox 1073 2278 1253 2382; x_wconf 90' lang='lat' dir='ltr'><strong>Polooie,</strong></span> <span class='ocrx_word' id='word_1_123' title='bbox 1283 2276 1539 2383; x_wconf 82' lang='lat' dir='ltr'><strong>fideiussisse,</strong></span> <span class='ocrx_word' id='word_1_124' title='bbox 1570 2280 1675 2364; x_wconf 91' lang='lat' dir='ltr'><strong>acin</strong></span> <span class='ocrx_word' id='word_1_125' title='bbox 1696 2278 1855 2366; x_wconf 91' lang='lat' dir='ltr'><strong>solidum</strong></span> <span class='ocrx_word' id='word_1_126' title='bbox 1878 2309 1949 2366; x_wconf 93' lang='lat' dir='ltr'><strong>nos</strong></span> 
     </span>
     <span class='ocr_line' id='line_1_14' title="bbox 247 2392 1955 2515; baseline 0 -33"><span class='ocrx_word' id='word_1_127' title='bbox 247 2405 253 2412; x_wconf 83' lang='grc'><strong>’</strong></span> <span class='ocrx_word' id='word_1_128' title='bbox 315 2395 386 2511; x_wconf 89' lang='lat' dir='ltr'><strong>ipsi</strong></span> <span class='ocrx_word' id='word_1_129' title='bbox 406 2424 476 2511; x_wconf 92' lang='lat' dir='ltr'><strong>pro</strong></span> <span class='ocrx_word' id='word_1_130' title='bbox 497 2392 693 2511; x_wconf 87' lang='lat' dir='ltr'><strong>sepedicta</strong></span> <span class='ocrx_word' id='word_1_131' title='bbox 712 2395 892 2510; x_wconf 83' lang='lat' dir='ltr'><strong>pecunia,</strong></span> <span class='ocrx_word' id='word_1_132' title='bbox 920 2397 1092 2483; x_wconf 89' lang='lat' dir='ltr'><strong>omnibus</strong></span> <span class='ocrx_word' id='word_1_133' title='bbox 1112 2393 1228 2484; x_wconf 88' lang='lat' dir='ltr'><strong>modo</strong></span> <span class='ocrx_word' id='word_1_134' title='bbox 1250 2408 1287 2480; x_wconf 89' lang='lat' dir='ltr'><strong>et</strong></span> <span class='ocrx_word' id='word_1_135' title='bbox 1306 2395 1448 2499; x_wconf 82' lang='lat' dir='ltr'><strong>forma,-</strong></span> <span class='ocrx_word' id='word_1_136' title='bbox 1466 2395 1575 2481; x_wconf 88' lang='lat' dir='ltr'><strong>sicuti</strong></span> <span class='ocrx_word' id='word_1_137' title='bbox 1596 2397 1770 2513; x_wconf 88' lang='lat' dir='ltr'><strong>superius</strong></span> <span class='ocrx_word' id='word_1_138' title='bbox 1791 2415 1955 2515; x_wconf 61' lang='lat' dir='ltr'><strong>expres:</strong></span> 
     </span>
    </p>
   </div>
   <div class='ocr_carea' id='block_1_3' title="bbox 168 2511 2071 2636">
    <p class='ocr_par' dir='ltr' id='par_1_5' title="bbox 168 2511 2071 2636">
     <span class='ocr_line' id='line_1_15' title="bbox 168 2511 2071 2636; baseline 0.003 -39"><span class='ocrx_word' id='word_1_139' title='bbox 168 2573 174 2584; x_wconf 83' lang='lat'><strong>·</strong></span> <span class='ocrx_word' id='word_1_140' title='bbox 316 2541 399 2598; x_wconf 92' lang='lat' dir='ltr'><strong>sum</strong></span> <span class='ocrx_word' id='word_1_141' title='bbox 421 2526 489 2617; x_wconf 84' lang='lat' dir='ltr'><strong>est,</strong></span> <span class='ocrx_word' id='word_1_142' title='bbox 510 2511 751 2600; x_wconf 78' lang='lat' dir='ltr'><strong>fideiussorie</strong></span> <span class='ocrx_word' id='word_1_143' title='bbox 773 2512 988 2632; x_wconf 79' lang='lat' dir='ltr'><strong>obligasse,</strong></span> <span class='ocrx_word' id='word_1_144' title='bbox 1018 2514 1120 2602; x_wconf 90' lang='lat' dir='ltr'><strong>buna</strong></span> <span class='ocrx_word' id='word_1_145' title='bbox 1140 2511 1234 2617; x_wconf 83' lang='lat' dir='ltr'><strong>fide,</strong></span> <span class='ocrx_word' id='word_1_146' title='bbox 1264 2513 1522 2636; x_wconf 86' lang='lat' dir='ltr'><strong>promittentes</strong></span> <span class='ocrx_word' id='word_1_147' title='bbox 1545 2526 1582 2597; x_wconf 88' lang='lat' dir='ltr'><strong>et</strong></span> <span class='ocrx_word' id='word_1_148' title='bbox 1601 2514 1856 2630; x_wconf 88' lang='lat' dir='ltr'><strong>astringentes</strong></span> <span class='ocrx_word' id='word_1_149' title='bbox 1878 2541 1949 2602; x_wconf 91' lang='lat' dir='ltr'><strong>nos</strong></span> <span class='ocrx_word' id='word_1_150' title='bbox 2069 2611 2071 2617; x_wconf 53' lang='lat'>‚</span> 
     </span>
    </p>
   </div>
   <div class='ocr_carea' id='block_1_4' title="bbox 315 2628 1950 2866">
    <p class='ocr_par' dir='ltr' id='par_1_6' title="bbox 315 2628 1950 2866">
     <span class='ocr_line' id='line_1_16' title="bbox 315 2628 1949 2748; baseline 0.001 -32"><span class='ocrx_word' id='word_1_151' title='bbox 315 2628 366 2716; x_wconf 87' lang='lat' dir='ltr'><strong>ad</strong></span> <span class='ocrx_word' id='word_1_152' title='bbox 388 2629 481 2734; x_wconf 90' lang='lat' dir='ltr'><strong>boo,</strong></span> <span class='ocrx_word' id='word_1_153' title='bbox 512 2629 826 2748; x_wconf 88' lang='lat' dir='ltr'><strong>quandocumque</strong></span> <span class='ocrx_word' id='word_1_154' title='bbox 847 2661 916 2747; x_wconf 88' lang='lat' dir='ltr'><strong>per</strong></span> <span class='ocrx_word' id='word_1_155' title='bbox 936 2629 1143 2748; x_wconf 83' lang='lat' dir='ltr'><strong>ipsum&#39;aut</strong></span> <span class='ocrx_word' id='word_1_156' title='bbox 1162 2630 1321 2717; x_wconf 87' lang='lat' dir='ltr'><strong>nuncius</strong></span> <span class='ocrx_word' id='word_1_157' title='bbox 1341 2659 1435 2717; x_wconf 89' lang='lat' dir='ltr'><strong>suos</strong></span> <span class='ocrx_word' id='word_1_158' title='bbox 1455 2629 1584 2716; x_wconf 89' lang='lat' dir='ltr'><strong>moniti</strong></span> <span class='ocrx_word' id='word_1_159' title='bbox 1604 2630 1797 2732; x_wconf 81' lang='lat' dir='ltr'><strong>fuerimus,</strong></span> <span class='ocrx_word' id='word_1_160' title='bbox 1818 2629 1949 2718; x_wconf 85' lang='lat' dir='ltr'><strong>obsta-</strong></span> 
     </span>
     <span class='ocr_line' id='line_1_17' title="bbox 316 2744 1950 2866; baseline 0.002 -35"><span class='ocrx_word' id='word_1_161' title='bbox 316 2748 419 2865; x_wconf 87' lang='lat' dir='ltr'><strong>gium</strong></span> <span class='ocrx_word' id='word_1_162' title='bbox 440 2747 511 2835; x_wconf 93' lang='lat' dir='ltr'><strong>sibi</strong></span> <span class='ocrx_word' id='word_1_163' title='bbox 531 2777 637 2836; x_wconf 91' lang='lat' dir='ltr'><strong>more</strong></span> <span class='ocrx_word' id='word_1_164' title='bbox 657 2747 842 2834; x_wconf 91' lang='lat' dir='ltr'><strong>bonorum</strong></span> <span class='ocrx_word' id='word_1_165' title='bbox 865 2746 1129 2836; x_wconf 84' lang='lat' dir='ltr'><strong>fideiussorum</strong></span> <span class='ocrx_word' id='word_1_166' title='bbox 1151 2777 1227 2834; x_wconf 93' lang='lat' dir='ltr'><strong>una</strong></span> <span class='ocrx_word' id='word_1_167' title='bbox 1248 2777 1333 2834; x_wconf 91' lang='lat' dir='ltr'><strong>oum</strong></span> <span class='ocrx_word' id='word_1_168' title='bbox 1354 2746 1454 2834; x_wconf 86' lang='lat' dir='ltr'><strong>dieto</strong></span> <span class='ocrx_word' id='word_1_169' title='bbox 1475 2746 1629 2835; x_wconf 90' lang='lat' dir='ltr'><strong>domiuo</strong></span> <span class='ocrx_word' id='word_1_170' title='bbox 1654 2744 1892 2866; x_wconf 39' lang='lat' dir='ltr'><strong>‘Lantgrauio</strong></span> <span class='ocrx_word' id='word_1_171' title='bbox 1911 2749 1950 2834; x_wconf 93' lang='lat' dir='ltr'><strong>in</strong></span> 
     </span>
    </p>
   </div>
   <div class='ocr_carea' id='block_1_5' title="bbox 315 2863 2163 2983">
    <p class='ocr_par' dir='ltr' id='par_1_7' title="bbox 315 2863 2163 2983">
     <span class='ocr_line' id='line_1_18' title="bbox 315 2863 2163 2983; baseline 0.001 -33"><span class='ocrx_word' id='word_1_172' title='bbox 315 2865 528 2983; x_wconf 85' lang='lat' dir='ltr'><strong>prescripto</strong></span> <span class='ocrx_word' id='word_1_173' title='bbox 549 2865 637 2954; x_wconf 91' lang='lat' dir='ltr'><strong>luco</strong></span> <span class='ocrx_word' id='word_1_174' title='bbox 657 2863 817 2954; x_wconf 86' lang='lat' dir='ltr'><strong>fideliter</strong></span> <span class='ocrx_word' id='word_1_175' title='bbox 836 2864 1053 2983; x_wconf 90' lang='lat' dir='ltr'><strong>adimplere.</strong></span> <span class='ocrx_word' id='word_1_176' title='bbox 1100 2865 1143 2954; x_wconf 93' lang='lat' dir='ltr'><strong>ln</strong></span> <span class='ocrx_word' id='word_1_177' title='bbox 1217 2895 1323 2954; x_wconf 93' lang='lat' dir='ltr'><strong>orum</strong></span> <span class='ocrx_word' id='word_1_178' title='bbox 1344 2863 1596 2972; x_wconf 78' lang='lat' dir='ltr'><strong>euidenciaur,</strong></span> <span class='ocrx_word' id='word_1_179' title='bbox 1610 2880 1646 2952; x_wconf 87' lang='lat' dir='ltr'><strong>et</strong></span> <span class='ocrx_word' id='word_1_180' title='bbox 1667 2865 1864 2954; x_wconf 88' lang='lat' dir='ltr'><strong>clariorem</strong></span> <span class='ocrx_word' id='word_1_181' title='bbox 1884 2864 1950 2952; x_wconf 91' lang='lat' dir='ltr'><strong>lir-</strong></span> <span class='ocrx_word' id='word_1_182' title='bbox 2046 2942 2049 2949; x_wconf 92' lang='lat'>.</span> <span class='ocrx_word' id='word_1_183' title='bbox 2158 2915 2163 2926; x_wconf 94' lang='lat'><em>·</em></span> 
     </span>
    </p>
   </div>
   <div class='ocr_carea' id='block_1_6' title="bbox 317 2980 1974 3190">
    <p class='ocr_par' dir='ltr' id='par_1_8' title="bbox 317 2980 1974 3190">
     <span class='ocr_line' id='line_1_19' title="bbox 317 2980 1974 3190; baseline 0.006 -124"><span class='ocrx_word' id='word_1_184' title='bbox 317 2983 500 3088; x_wconf 77' lang='lat' dir='ltr'><strong>nitatem,</strong></span> <span class='ocrx_word' id='word_1_185' title='bbox 534 2983 658 3102; x_wconf 90' lang='lat' dir='ltr'><strong>sigilla</strong></span> <span class='ocrx_word' id='word_1_186' title='bbox 677 2999 828 3089; x_wconf 88' lang='lat' dir='ltr'><strong>nostra,</strong></span> <span class='ocrx_word' id='word_1_187' title='bbox 859 2985 983 3104; x_wconf 88' lang='lat' dir='ltr'><strong>sigillo</strong></span> <span class='ocrx_word' id='word_1_188' title='bbox 1014 2986 1132 3190; x_wconf 72' lang='lat' dir='ltr'><strong>ipsius</strong></span> <span class='ocrx_word' id='word_1_189' title='bbox 1190 2985 1302 3072; x_wconf 90' lang='lat' dir='ltr'><strong>omini</strong></span> <span class='ocrx_word' id='word_1_190' title='bbox 1332 2980 1573 3103; x_wconf 88' lang='lat' dir='ltr'><strong>Lantgrauij,</strong></span> <span class='ocrx_word' id='word_1_191' title='bbox 1605 2983 1843 3118; x_wconf 79' lang='lat' dir='ltr'><strong>presentibus</strong></span> <span class='ocrx_word' id='word_1_192' title='bbox 1864 2997 1974 3076; x_wconf 80' lang='lat' dir='ltr'><strong>sont·</strong></span> 
     </span>
    </p>
   </div>
   <div class='ocr_carea' id='block_1_7' title="bbox 316 3100 988 3216">
    <p class='ocr_par' dir='ltr' id='par_1_9' title="bbox 316 3100 988 3216">
     <span class='ocr_line' id='line_1_20' title="bbox 316 3100 988 3216; baseline 0.009 -31"><span class='ocrx_word' id='word_1_193' title='bbox 316 3127 497 3216; x_wconf 88' lang='lat' dir='ltr'><strong>appensa.</strong></span> <span class='ocrx_word' id='word_1_194' title='bbox 540 3100 622 3188; x_wconf 91' lang='lat' dir='ltr'><strong>Sub</strong></span> <span class='ocrx_word' id='word_1_195' title='bbox 641 3131 742 3189; x_wconf 90' lang='lat' dir='ltr'><strong>anno</strong></span> <span class='ocrx_word' id='word_1_196' title='bbox 763 3101 903 3190; x_wconf 92' lang='lat' dir='ltr'><strong>domini</strong></span> <span class='ocrx_word' id='word_1_197' title='bbox 930 3103 988 3190; x_wconf 82' lang='lat' dir='ltr'><strong>M⁰</strong></span> 
     </span>
    </p>
   </div>
   <div class='ocr_carea' id='block_1_8' title="bbox 316 3098 2098 3337">
    <p class='ocr_par' dir='ltr' id='par_1_10' title="bbox 316 3098 2098 3337">
     <span class='ocr_line' id='line_1_21' title="bbox 1048 3098 1949 3220; baseline -0.004 -30"><span class='ocrx_word' id='word_1_198' title='bbox 1048 3101 1131 3190; x_wconf 72' lang='lat' dir='ltr'><strong>cd</strong></span> <span class='ocrx_word' id='word_1_199' title='bbox 1155 3099 1260 3189; x_wconf 85' lang='lat' dir='ltr'><strong>XLl⁰</strong></span> <span class='ocrx_word' id='word_1_200' title='bbox 1284 3102 1377 3189; x_wconf 88' lang='lat' dir='ltr'><strong>leria</strong></span> <span class='ocrx_word' id='word_1_201' title='bbox 1398 3115 1532 3218; x_wconf 86' lang='lat' dir='ltr'><strong>quarta</strong></span> <span class='ocrx_word' id='word_1_202' title='bbox 1552 3129 1723 3220; x_wconf 85' lang='lat' dir='ltr'><strong>proxuma</strong></span> <span class='ocrx_word' id='word_1_203' title='bbox 1743 3113 1831 3220; x_wconf 87' lang='lat' dir='ltr'><strong>post</strong></span> <span class='ocrx_word' id='word_1_204' title='bbox 1851 3098 1949 3188; x_wconf 86' lang='lat' dir='ltr'><strong>diem</strong></span> 
     </span>
     <span class='ocr_line' id='line_1_22' title="bbox 316 3214 2098 3337; baseline -0.011 -35"><span class='ocrx_word' id='word_1_205' title='bbox 316 3214 415 3304; x_wconf 88' lang='lat' dir='ltr'><strong>beati</strong></span> <span class='ocrx_word' id='word_1_206' title='bbox 435 3215 601 3337; x_wconf 84' lang='lat' dir='ltr'><strong>Remigij</strong></span> <span class='ocrx_word' id='word_1_207' title='bbox 624 3220 867 3309; x_wconf 81' lang='lat' dir='ltr'><strong>confessoris.</strong></span> <span class='ocrx_word' id='word_1_208' title='bbox 1639 3227 1641 3232; x_wconf 77' lang='grc'>’</span> <span class='ocrx_word' id='word_1_209' title='bbox 1797 3264 1801 3274; x_wconf 86' lang='grc'>-</span> <span class='ocrx_word' id='word_1_210' title='bbox 2094 3223 2098 3231; x_wconf 91' lang='grc'><strong><em>·</em></strong></span> 
     </span>
    </p>
   </div>
   <div class='ocr_carea' id='block_1_9' title="bbox 1077 3553 1192 3670">
    <p class='ocr_par' dir='ltr' id='par_1_11' title="bbox 1077 3553 1192 3670">
     <span class='ocr_line' id='line_1_23' title="bbox 1077 3553 1192 3670; baseline -0.061 0"><span class='ocrx_word' id='word_1_211' title='bbox 1077 3553 1192 3670; x_wconf 80' lang='lat' dir='ltr'><strong>Glll.</strong></span> 
     </span>
    </p>
   </div>
   <div class='ocr_carea' id='block_1_10' title="bbox 541 3763 1730 3928">
    <p class='ocr_par' dir='ltr' id='par_1_12' title="bbox 541 3763 1730 3928">
     <span class='ocr_line' id='line_1_24' title="bbox 541 3763 1730 3928; baseline -0.001 -20"><span class='ocrx_word' id='word_1_212' title='bbox 541 3817 872 3919; x_wconf 69' lang='lat' dir='ltr'><strong>onocoetae,</strong></span> <span class='ocrx_word' id='word_1_213' title='bbox 899 3840 1054 3907; x_wconf 77' lang='lat' dir='ltr'><strong>asso</strong></span> <span class='ocrx_word' id='word_1_214' title='bbox 1068 3763 1231 3911; x_wconf 70' lang='lat' dir='ltr'><strong>frena</strong></span> <span class='ocrx_word' id='word_1_215' title='bbox 1257 3821 1351 3906; x_wconf 75' lang='lat' dir='ltr'><strong>om</strong></span> <span class='ocrx_word' id='word_1_216' title='bbox 1376 3819 1444 3906; x_wconf 70' lang='grc' dir='ltr'><strong>ιε</strong></span> <span class='ocrx_word' id='word_1_217' title='bbox 1470 3845 1541 3908; x_wconf 78' lang='lat' dir='ltr'><strong>m.</strong></span> <span class='ocrx_word' id='word_1_218' title='bbox 1566 3821 1730 3928; x_wconf 73' lang='lat' dir='ltr'><strong>nanu.</strong></span> 
     </span>
    </p>
   </div>
   <div class='ocr_carea' id='block_1_11' title="bbox 317 3981 1947 4321">
    <p class='ocr_par' dir='ltr' id='par_1_13' title="bbox 317 3981 1947 4321">
     <span class='ocr_line' id='line_1_25' title="bbox 317 3981 1947 4119; baseline 0.001 -25"><span class='ocrx_word' id='word_1_219' title='bbox 317 4019 409 4098; x_wconf 77' lang='lat' dir='ltr'><strong>uon</strong></span> <span class='ocrx_word' id='word_1_220' title='bbox 431 4021 613 4110; x_wconf 73' lang='lat' dir='ltr'><strong>buono,</strong></span> <span class='ocrx_word' id='word_1_221' title='bbox 635 3981 847 4100; x_wconf 66' lang='lat' dir='ltr'><strong>Mentitus</strong></span> <span class='ocrx_word' id='word_1_222' title='bbox 867 4026 902 4098; x_wconf 82' lang='lat' dir='ltr'><strong>ot</strong></span> <span class='ocrx_word' id='word_1_223' title='bbox 915 4025 1193 4119; x_wconf 71' lang='lat' dir='ltr'><strong>musanojnnn</strong></span> <span class='ocrx_word' id='word_1_224' title='bbox 1205 4023 1302 4116; x_wconf 69' lang='lat' dir='ltr'><strong>mm</strong></span> <span class='ocrx_word' id='word_1_225' title='bbox 1316 4024 1456 4099; x_wconf 68' lang='lat' dir='ltr'><strong>couniri</strong></span> <span class='ocrx_word' id='word_1_226' title='bbox 1470 4023 1625 4116; x_wconf 79' lang='lat' dir='ltr'><strong>spondent</strong></span> <span class='ocrx_word' id='word_1_227' title='bbox 1637 4022 1789 4112; x_wconf 62' lang='lat' dir='ltr'><strong>lanuto</strong></span> <span class='ocrx_word' id='word_1_228' title='bbox 1802 4001 1947 4096; x_wconf 73' lang='lat' dir='ltr'><strong>merim</strong></span> 
     </span>
     <span class='ocr_line' id='line_1_26' title="bbox 344 4123 1921 4220; baseline 0.002 -26"><span class='ocrx_word' id='word_1_229' title='bbox 344 4139 382 4195; x_wconf 81' lang='lat' dir='ltr'><strong>so</strong></span> <span class='ocrx_word' id='word_1_230' title='bbox 395 4139 494 4216; x_wconf 81' lang='lat' dir='ltr'><strong>neque</strong></span> <span class='ocrx_word' id='word_1_231' title='bbox 507 4124 587 4216; x_wconf 64' lang='lat' dir='ltr'><strong>mgr</strong></span> <span class='ocrx_word' id='word_1_232' title='bbox 599 4125 754 4218; x_wconf 64' lang='lat' dir='ltr'><strong>nolano,</strong></span> <span class='ocrx_word' id='word_1_233' title='bbox 767 4146 826 4202; x_wconf 84' lang='lat' dir='ltr'><strong>noe</strong></span> <span class='ocrx_word' id='word_1_234' title='bbox 841 4126 984 4220; x_wconf 77' lang='lat' dir='ltr'><strong>cuiquem</strong></span> <span class='ocrx_word' id='word_1_235' title='bbox 998 4127 1090 4201; x_wconf 81' lang='lat' dir='ltr'><strong>ultori</strong></span> <span class='ocrx_word' id='word_1_236' title='bbox 1105 4128 1158 4220; x_wconf 82' lang='lat' dir='ltr'><strong>qut</strong></span> <span class='ocrx_word' id='word_1_237' title='bbox 1171 4127 1285 4200; x_wconf 80' lang='lat' dir='ltr'><strong>bolus</strong></span> <span class='ocrx_word' id='word_1_238' title='bbox 1300 4142 1370 4198; x_wconf 86' lang='lat' dir='ltr'><strong>uun</strong></span> <span class='ocrx_word' id='word_1_239' title='bbox 1384 4143 1422 4198; x_wconf 84' lang='lat' dir='ltr'><strong>oo</strong></span> <span class='ocrx_word' id='word_1_240' title='bbox 1436 4126 1534 4196; x_wconf 77' lang='lat' dir='ltr'><strong>ictum</strong></span> <span class='ocrx_word' id='word_1_241' title='bbox 1547 4123 1696 4216; x_wconf 80' lang='lat' dir='ltr'><strong>rupisset,</strong></span> <span class='ocrx_word' id='word_1_242' title='bbox 1710 4123 1830 4198; x_wconf 72' lang='lat' dir='ltr'><strong>innuo</strong></span> <span class='ocrx_word' id='word_1_243' title='bbox 1843 4125 1921 4214; x_wconf 78' lang='lat' dir='ltr'><strong>turo,</strong></span> 
     </span>
     <span class='ocr_line' id='line_1_27' title="bbox 560 4225 1715 4321; baseline 0 -24"><span class='ocrx_word' id='word_1_244' title='bbox 560 4226 623 4298; x_wconf 89' lang='lat' dir='ltr'><strong>ino</strong></span> <span class='ocrx_word' id='word_1_245' title='bbox 638 4242 835 4321; x_wconf 80' lang='lat' dir='ltr'><strong>summopore</strong></span> <span class='ocrx_word' id='word_1_246' title='bbox 849 4227 1030 4318; x_wconf 67' lang='lat' dir='ltr'><strong>ammaus,</strong></span> <span class='ocrx_word' id='word_1_247' title='bbox 1044 4231 1082 4302; x_wconf 85' lang='lat' dir='ltr'><strong>ut</strong></span> <span class='ocrx_word' id='word_1_248' title='bbox 1094 4228 1174 4301; x_wconf 80' lang='lat' dir='ltr'><strong>hmo</strong></span> <span class='ocrx_word' id='word_1_249' title='bbox 1188 4225 1356 4303; x_wconf 74' lang='lat' dir='ltr'><strong>concordie</strong></span> <span class='ocrx_word' id='word_1_250' title='bbox 1367 4225 1651 4317; x_wconf 67' lang='lat' dir='ltr'><strong>omonimum</strong></span> <span class='ocrx_word' id='word_1_251' title='bbox 1665 4227 1715 4312; x_wconf 86' lang='lat'><strong>(¹).</strong></span> 
     </span>
    </p>
   </div>
   <div class='ocr_carea' id='block_1_12' title="bbox 317 4437 2103 4686">
    <p class='ocr_par' dir='ltr' id='par_1_14' title="bbox 317 4437 2103 4686">
     <span class='ocr_line' id='line_1_28' title="bbox 416 4437 2103 4562; baseline 0.001 -28"><span class='ocrx_word' id='word_1_252' title='bbox 416 4445 459 4534; x_wconf 94' lang='lat' dir='ltr'><strong>ln</strong></span> <span class='ocrx_word' id='word_1_253' title='bbox 480 4449 630 4536; x_wconf 90' lang='lat' dir='ltr'><strong>nomine</strong></span> <span class='ocrx_word' id='word_1_254' title='bbox 650 4445 801 4556; x_wconf 91' lang='lat' dir='ltr'><strong>domini,</strong></span> <span class='ocrx_word' id='word_1_255' title='bbox 822 4451 940 4551; x_wconf 81' lang='lat' dir='ltr'><strong>amen.</strong></span> <span class='ocrx_word' id='word_1_256' title='bbox 974 4437 1164 4562; x_wconf 69' lang='lat' dir='ltr'><strong>Quoniam</strong></span> <span class='ocrx_word' id='word_1_257' title='bbox 1187 4450 1350 4537; x_wconf 89' lang='lat' dir='ltr'><strong>omnium</strong></span> <span class='ocrx_word' id='word_1_258' title='bbox 1371 4443 1760 4555; x_wconf 78' lang='lat' dir='ltr'><strong>baberememoriam,</strong></span> <span class='ocrx_word' id='word_1_259' title='bbox 1782 4448 1946 4535; x_wconf 92' lang='lat' dir='ltr'><strong>diuinum</strong></span> <span class='ocrx_word' id='word_1_260' title='bbox 2099 4499 2103 4505; x_wconf 93' lang='lat'>·</span> 
     </span>
     <span class='ocr_line' id='line_1_29' title="bbox 317 4563 1945 4686; baseline 0.002 -38"><span class='ocrx_word' id='word_1_261' title='bbox 317 4579 376 4652; x_wconf 89' lang='lat' dir='ltr'><strong>est</strong></span> <span class='ocrx_word' id='word_1_262' title='bbox 395 4566 542 4684; x_wconf 77' lang='lat' dir='ltr'><strong>pocius,¹</strong></span> <span class='ocrx_word' id='word_1_263' title='bbox 561 4595 674 4684; x_wconf 90' lang='lat' dir='ltr'><strong>quarn</strong></span> <span class='ocrx_word' id='word_1_264' title='bbox 694 4566 907 4655; x_wconf 87' lang='lat' dir='ltr'><strong>humanum.</strong></span> <span class='ocrx_word' id='word_1_265' title='bbox 935 4563 1026 4654; x_wconf 78' lang='lat' dir='ltr'><strong>Nos&#39;</strong></span> <span class='ocrx_word' id='word_1_266' title='bbox 1042 4566 1156 4686; x_wconf 89' lang='lat' dir='ltr'><strong>igitur</strong></span> <span class='ocrx_word' id='word_1_267' title='bbox 1177 4568 1280 4655; x_wconf 91' lang='lat' dir='ltr'><strong>ciues</strong></span> <span class='ocrx_word' id='word_1_268' title='bbox 1302 4579 1338 4654; x_wconf 90' lang='lat' dir='ltr'><strong>et</strong></span> <span class='ocrx_word' id='word_1_269' title='bbox 1357 4564 1580 4654; x_wconf 88' lang='lat' dir='ltr'><strong>uniuersitas</strong></span> <span class='ocrx_word' id='word_1_270' title='bbox 1601 4567 1735 4652; x_wconf 92' lang='lat' dir='ltr'><strong>ciuium</strong></span> <span class='ocrx_word' id='word_1_271' title='bbox 1757 4566 1945 4654; x_wconf 86' lang='lat' dir='ltr'><strong>ciuitatum</strong></span> 
     </span>
    </p>
   </div>
   <div class='ocr_carea' id='block_1_13' title="bbox 296 4759 1945 4987">
    <p class='ocr_par' dir='ltr' id='par_1_15' title="bbox 296 4759 1945 4987">
     <span class='ocr_line' id='line_1_30' title="bbox 417 4759 1945 4902; baseline -0.001 -20"><span class='ocrx_word' id='word_1_272' title='bbox 417 4813 453 4898; x_wconf 74' lang='lat'><strong>(¹)</strong></span> <span class='ocrx_word' id='word_1_273' title='bbox 480 4815 529 4880; x_wconf 84' lang='lat' dir='ltr'><strong>Ex</strong></span> <span class='ocrx_word' id='word_1_274' title='bbox 543 4815 704 4902; x_wconf 80' lang='lat' dir='ltr'><strong>archetypo</strong></span> <span class='ocrx_word' id='word_1_275' title='bbox 719 4816 951 4882; x_wconf 88' lang='lat' dir='ltr'><strong>membranaceo</strong></span> <span class='ocrx_word' id='word_1_276' title='bbox 966 4815 997 4880; x_wconf 92' lang='lat' dir='ltr'><strong>in</strong></span> <span class='ocrx_word' id='word_1_277' title='bbox 1011 4814 1200 4882; x_wconf 77' lang='lat' dir='ltr'><strong>Varsadensi</strong></span> <span class='ocrx_word' id='word_1_278' title='bbox 1214 4813 1364 4882; x_wconf 84' lang='lat' dir='ltr'><strong>tubuderio</strong></span> <span class='ocrx_word' id='word_1_279' title='bbox 1378 4759 1499 4901; x_wconf 79' lang='lat' dir='ltr'><strong>publico</strong></span> <span class='ocrx_word' id='word_1_280' title='bbox 1514 4815 1609 4900; x_wconf 83' lang='lat' dir='ltr'><strong>Regni</strong></span> <span class='ocrx_word' id='word_1_281' title='bbox 1625 4814 1766 4880; x_wconf 85' lang='lat' dir='ltr'><strong>Poloniae</strong></span> <span class='ocrx_word' id='word_1_282' title='bbox 1780 4811 1824 4882; x_wconf 75' lang='grc' dir='ltr'><strong>Ν0</strong></span> <span class='ocrx_word' id='word_1_283' title='bbox 1843 4812 1882 4880; x_wconf 77' lang='lat' dir='ltr'><strong>re</strong></span> <span class='ocrx_word' id='word_1_284' title='bbox 1898 4835 1945 4881; x_wconf 87' lang='lat' dir='ltr'><strong>us·</strong></span> 
     </span>
     <span class='ocr_line' id='line_1_31' title="bbox 296 4899 1944 4987; baseline 0.002 -24"><span class='ocrx_word' id='word_1_285' title='bbox 296 4905 443 4965; x_wconf 76' lang='lat' dir='ltr'><strong>‘serrato</strong></span> <span class='ocrx_word' id='word_1_286' title='bbox 474 4900 553 4966; x_wconf 85' lang='lat' dir='ltr'><strong>Huic</strong></span> <span class='ocrx_word' id='word_1_287' title='bbox 567 4901 687 4967; x_wconf 82' lang='lat' dir='ltr'><strong>tabulae</strong></span> <span class='ocrx_word' id='word_1_288' title='bbox 702 4901 760 4966; x_wconf 86' lang='lat' dir='ltr'><strong>trio</strong></span> <span class='ocrx_word' id='word_1_289' title='bbox 774 4901 868 4987; x_wconf 79' lang='lat' dir='ltr'><strong>sigilla</strong></span> <span class='ocrx_word' id='word_1_290' title='bbox 884 4901 1020 4967; x_wconf 84' lang='lat' dir='ltr'><strong>taeniolis</strong></span> <span class='ocrx_word' id='word_1_291' title='bbox 1035 4900 1272 4967; x_wconf 87' lang='lat' dir='ltr'><strong>membranaceis</strong></span> <span class='ocrx_word' id='word_1_292' title='bbox 1285 4909 1357 4968; x_wconf 89' lang='lat' dir='ltr'><strong>sunt</strong></span> <span class='ocrx_word' id='word_1_293' title='bbox 1371 4919 1513 4986; x_wconf 86' lang='lat' dir='ltr'><strong>appenso.</strong></span> <span class='ocrx_word' id='word_1_294' title='bbox 1544 4899 1680 4966; x_wconf 85' lang='lat' dir='ltr'><strong>Primum</strong></span> <span class='ocrx_word' id='word_1_295' title='bbox 1702 4909 1944 4986; x_wconf 85' lang='lat' dir='ltr'><strong>eorum&#39;reprae·</strong></span> 
     </span>
    </p>
   </div>
   <div class='ocr_carea' id='block_1_14' title="bbox 0 0 2394 5922">
    <p class='ocr_par' dir='ltr' id='par_1_16' title="bbox 0 0 2394 5922">
     <span class='ocr_line' id='line_1_32' title="bbox 0 0 2394 5922; baseline 0 2"><span class='ocrx_word' id='word_1_296' title='bbox 0 0 2394 5922; x_wconf 95' lang='lat' dir='ltr'><strong> </strong></span> 
     </span>
    </p>
   </div>
  </div>
 </body>
</html>
