4778 5952
1007 615 1416 762 vannuo-

456 886 581 974 villem
602 885 923 992 aliasSrjetisscze
943 877 1081 966 dictam
1103 883 1240 988 Hctu'u,
1262 879 1298 963 in
1315 876 1483 964 districtu
1504 874 1795 999 Zidaczouieusi
1817 880 1920 966 circa
1940 881 2093 970 lluuium

459 1009 656 1104 Czeczroic,
677 1028 761 1085 curn
775 999 879 1085 omni
889 999 987 1114 jure,
1009 996 1184 1100 dominio,
1205 996 1444 1112 proprietate,
1466 995 1578 1100 areis,
1599 996 1724 1112 curiju
1747 997 2093 1103 contributiunibus,

457 1122 585 1241 penis,
615 1147 686 1206 nec
718 1146 794 1204 non
825 1114 948 1220 siluis,
980 1115 1142 1232 campis,
1174 1115 1312 1230 pratis,
1344 1111 1472 1228 aquis,
1504 1111 1722 1228 paludibuS,
1753 1114 1967 1202 molendino
1998 1119 2093 1206 alias

455 1274 479 1325 z
499 1241 762 1351 mlynrjssczem
780 1264 829 1320 ac
851 1263 935 1319 oum
956 1237 1075 1344 lampii
1091 1230 1173 1342 (sic)
1194 1237 1392 1340 Przeloslrj
1409 1231 1660 1340 uenerantes
1677 1230 1853 1336 decimiS,
1885 1223 2092 1323 vennucul-

423 1453 426 1462 ,
456 1359 537 1458 bus,
559 1352 753 1470 mellifitijs,
774 1368 885 1469 prout
904 1347 1132 1463 mellicidarij
1154 1347 1203 1433 de
1224 1353 1352 1457 Hoteju
1372 1348 1421 1433 ab
1442 1348 1596 1465 antique
1617 1351 1673 1434 usi
1692 1365 1789 1454 sunt,
1811 1365 1848 1436 et
1862 1351 2091 1468 generaliter

454 1504 540 1563 cum
561 1471 732 1558 omnibus
753 1470 951 1571 fructibus,
983 1464 1245 1585 prouentibus,
1278 1463 1504 1568 redditibus,
1536 1478 1646 1580 prout
1665 1467 1749 1582 ipsa
1770 1467 1856 1552 villa
1878 1473 2023 1580 Heldo,
2053 1471 2089 1557 in

455 1590 663 1680 scismatis
685 1604 722 1674 et
741 1585 975 1706 granitiebus
996 1615 1039 1672 se
1059 1582 1234 1689 extendit,
1256 1597 1436 1702 perpetue
1458 1598 1493 1669 et
1515 1584 1549 1668 in
1571 1613 1693 1689 cuum,
1714 1582 1830 1670 libere
1850 1585 2090 1675 vendendam
2230 1673 2235 1682 ,

453 1706 683 1811 donandam,
708 1701 1022 1807 commutandam,
1044 1716 1082 1786 et
1101 1699 1150 1787 ad
1172 1731 1266 1788 suos
1286 1731 1377 1786 usus
1398 1699 1656 1818 beneplacitos
1678 1701 1983 1790 connectendam.
2027 1705 2087 1791 Dc

454 1830 537 1945 ipsa
559 1811 650 1917 vein
671 1822 758 1910 villa
788 1828 917 1934 Hottju
938 1819 1122 1906 tenebitur
1149 1819 1230 1938 ipse
1261 1825 1351 1904 Lr'eu
1373 1848 1459 1905 cum
1479 1821 1558 1906 suis
1579 1821 1896 1939 successoribus,¹
1920 1821 2029 1910 nobis
2051 1838 2089 1908 et

359 1977 376 2028 ³,
454 1933 592 2032 nostris
623 1939 913 2027 successoribus
944 1939 1087 2026 seruire
1114 1937 1301 2023 seruitium
1324 1963 1409 2023 cum
1431 1936 1817 2040 duobus'Strzetcze,
1843 1937 1950 2052 juxta
1965 1942 2030 2056 jus
2051 1954 2088 2027 et

371 2162 373 2170 ,
454 2057 762 2150 consuetudinem
780 2053 1197 2144 ceterorumnobilinm.
1233 2053 1277 2142 ln
1292 2057 1399 2172 cujus
1415 2056 1471 2142 rei
1484 2053 1756 2162 firmitudinem,
1776 2055 1940 2176 sigillum
1962 2057 2088 2177 Regni
2139 2119 2148 2130 .-

388 2199 394 2210 '
455 2179 571 2268 nostri
591 2207 640 2294 ap
668 2175 752 2264 endi
774 2175 1042 2263 mandauimus.
1094 2173 1229 2260 Actum
1250 2173 1287 2260 in
1307 2172 1449 2292 oppido
1470 2187 1604 2259 nostro
1625 2170 1920 2286 Ropczicze(²)‚
1948 2177 1982 2262 in
2004 2205 2087 2294 pre-

453 2297 592 2386 sentia:
628 2209 767 2382 donini
798 2293 976 2408 Demetrii
1009 2291 1272 2407 'lhezaurarij,
1302 2289 1443 2377 domini
1474 2289 1780 2395 Miczkossthan,
1815 2292 1955 2379 domini
1984 2293 2086 2410 Petrj

452 2413 703 2530 Pyenijaslm,
734 2409 871 2498 domini
894 2408 1088 2498 Prandcta
1109 2407 1362 2514 Sudumirski,
1391 2407 1528 2502 domiui
1549 2408 1695 2497 Thome
1715 2409 1920 2514 Pincerne,
1950 2411 2088 2499 damini

453 2531 606 2620 Derslai
622 2530 824 2651 Conoplra..
855 2528 992 2614 Datum
1014 2525 1222 2643 diequarte
1239 2525 1385 2614 decima
1401 2527 1541 2614 mensis
1555 2526 1653 2642 dulij,
1673 2527 1745 2616 sub
1761 2557 1862 2616 anno
1876 2526 2088 2620 Natiuitatis

454 2648 608 2736 Domini
621 2646 820 2744 'millesimo
842 2644 1091 2732 tricentesimo
1113 2644 1362 2761 nonagesimo
1383 2644 1514 2760 primo.
1619 2663 1622 2670 '
2083 2721 2086 2730 .

462 2857 466 2865 ,
556 2761 642 2850 Nos
672 2763 797 2879 itaque
832 2758 1097 2880 Sigismundus
1132 2759 1219 2848 Rex
1277 2762 1447 2866 relatus,
1473 2759 1757 2851 considerantes
1787 2763 2088 2881 suprascriptum

452 2882 689 3001 priuilegium
710 2908 786 2967 non
807 2909 895 2966 esse
916 2891 1151 2996 suspectum,
1179 2791 1273 3084 supi

1265 2879 1490 2998 icaticniqne
1511 2877 1598 2968 dicti
1616 2879 1774 2968 loannis
1796 2877 1993 2998 Gclynskj,
2013 2908 2087 2969 sno

454 3013 493 3086 et
511 3002 738 3118 prefatorum
772 2995 1000 3086 coheredum
1022 2997 1213 3087 numinea
1262 3028 1333 3086 nos
1354 3013 1529 3114 porrecte
1549 2998 1719 3116 gratiose
1740 3013 1974 3103 annuentes,-
1996 2997 2087 3094 illud

454 3121 492 3207 in
511 3118 682 3206 omnibus
703 3117 785 3234 ejus
805 3114 1007 3230 sententijs‚
1028 3113 1206 3202 clausulis
1232 3130 1269 3202 et
1288 3117 1448 3233 punctis,
1468 3132 1579 3232 prout
1599 3117 1723 3232 posita
1744 3132 1842 3224 sunt,
1863 3115 1913 3204 dc
1929 3117 2086 3206 consilio

454 3237 749 3324 consiliariorum
772 3245 998 3334 nostrorum,
1029 3229 1089 3318 hic
1109 3231 1161 3334 ad
1180 3264 1339 3349 presens
1361 3232 1557 3321 nobiscum
1577 3235 1822 3339 existentium,
1845 3263 1891 3322 ac
1911 3231 1961 3318 de
1981 3251 2088 3326 certa

453 3354 609 3444 scientia
630 3364 668 3436 et
687 3353 810 3468 gratia
831 3348 976 3468 spetiali
997 3351 1136 3438 nostris
1157 3352 1292 3470 regijs,
1322 3350 1586 3452 innovandum,
1608 3350 1895 3469 approbandum
1917 3363 1954 3438 et
1974 3349 2087 3441 ratiti-

453 3470 645 3578 candum,
660 3467 1036 3587 confirmandumque
1055 3467 1241 3574 duximus,
1263 3471 1570 3588 innovamusque,
1592 3469 1834 3586 aprobamns,
1855 3467 2087 3558 ratificamus

451 3603 489 3676 et
509 3587 775 3676 confirmamus
796 3587 1052 3702 presentibus3
1084 3589 1281 3705 presertim
1314 3588 1534 3706 inquorum
1565 3587 1816 3703 possessione,
1842 3585 1894 3672 ad
1925 3615 2083 3704 presens

311 3735 313 3742 ⁴
350 3717 355 3732 '
453 3708 626 3808 existunt,
647 3704 896 3792 decernentes
913 3705 1035 3790 omnia
1058 3705 1094 3789 in
1110 3735 1157 3792 eo
1175 3718 1361 3809 contenta,
1381 3707 1497 3792 robur
1514 3703 1638 3792 debite
1659 3720 1696 3793 et
1736 3720 1890 3824 erpetuc
1900 3703 2086 3824 suauitatis

453 3823 632 3924 obtinere,
654 3823 882 3940 presentium
903 3819 1093 3908 literarum
1113 3837 1246 3910 tencre
1265 3822 1474 3913 accedente
1494 3823 1531 3910 in
1551 3853 1672 3913 cuum.
1778 3824 1885 3939 cujus
1906 3823 1961 3910 rci
1978 3822 2085 3910 testi-

316 3977 320 3984 ·
453 3943 636 4044 monium,
668 3938 829 4058 sigillum
850 3953 1018 4050 nostrum
1038 3941 1277 4054 presentibus
1299 3954 1359 4030 est
1377 3942 1671 4058 subappensum.
1722 3941 1858 4028 Actum
1880 3941 2088 4033 incivitate

452 4061 871 4170 nostrateopctiensi,
913 4053 1047 4143 sabato
1082 4072 1169 4172 post
1203 4058 1338 4146 testum
1372 4059 1501 4146 Sancti
1536 4056 1724 4174 Laurentij
1756 4059 1930 4174 proximo
1962 4055 2024 4169 (d.v
2049 4063 2084 4144 ll

453 4176 650 4294 Augusti),
680 4206 782 4263 anno
812 4173 950 4262 domini
978 4174 1171 4264 millesimo
1200 4176 1499 4295 quingentesimo
1529 4175 1714 4267 tricesimu
1747 4175 1926 4292 septimo,
1957 4173 2086 4292 Regm‘

348 4313 353 4323 ’
453 4321 547 4392 uero
569 4294 685 4380 nostri
706 4324 807 4382 anno
829 4293 1017 4383 tricesimo
1037 4293 1170 4410 primo.
1212 4293 1461 4384 Presentibus
1482 4306 1554 4386 etc.

555 4543 597 4628 (²)
625 4541 780 4630 Rolcrpce
794 4543 956 4629 oppidum,
977 4543 1014 4608 ad
1032 4543 1223 4610 Brzaznlcam
1239 4509 1380 4618 lluriunr.
1402 4545 1433 4610 in
1456 4543 1628 4613 Palatinam
1642 4545 1713 4610 clim
1730 4540 1966 4612 Sandomiricnsi
1981 4487 2091 4617 situm.¹
2165 4577 2167 4582 ·

453 4629 533 4778 pppd
540 4629 676 4798 pppplepp
689 4627 926 4778 pppimneatum
943 4627 1105 4712 pertinens.
1134 4627 1627 4695 viumieumuinsetietruim.
1643 4624 2083 4714 tipuuui„surouyuu1ut-
