4788 5926
1020 747 1294 819 --llll-e

344 943 622 1049 venaeicnibus,
643 939 865 1030 molendinis
886 945 1078 1032 mancellis
1100 962 1136 1032 et
1156 946 1331 1053 tabernis,
1352 949 1388 1035 in
1409 944 1581 1035 omnibus
1597 965 1633 1038 et
1647 951 1702 1038 sin
1736 951 1814 1059 ulis,
1836 980 1969 1042 semin-

344 1059 432 1152 dum
452 1063 631 1165 fructum,
662 1057 771 1178 quem
793 1064 1013 1180 excogitare
1033 1057 1192 1180 possunt
1224 1064 1356 1152 domui
1371 1095 1439 1152 sue
1459 1068 1662 1154 meliorem.
1704 979 1767 1155 ld
1788 1067 1969 1190 majorem
2034 1151 2038 1160 .

344 1180 454 1266 etiam
482 1179 657 1266 allectum
682 1193 849 1268 nostrum
870 1184 973 1268 eirca
992 1181 1098 1297 ipsos
1118 1182 1458 1301 comprobandum,
1489 1187 1581 1301 ipsis
1601 1185 1709 1305 large
1729 1217 1776 1274 ac
1796 1189 1970 1280 benivole

280 1323 289 1339 ·
343 1311 525 1414 perpetuo
546 1296 752 1404 donantes,
781 1297 976 1402 volumus,
1008 1312 1048 1384 ut
1077 1301 1113 1386 in
1145 1301 1244 1386 omni
1274 1329 1392 1386 eausa
1417 1301 1614 1420 judiciaria
1642 1297 1794 1420 capitis,
1823 1333 1970 1410 manus,

343 1414 589 1502 mutilaeionis
605 1413 866 1520 membrorum,
884 1441 1107 1552 quacunque
1122 1419 1317 1536 sanguinis
1334 1421 1524 1525 effusione,
1540 1422 1601 1507 vel
1613 1445 1838 1534 quacunque
1853 1451 1970 1509 causa

344 1547 564 1650 emergente
591 1535 735 1650 majore
761 1565 829 1620 seu
857 1565 1019 1641 minore,
1051 1536 1086 1620 in
1107 1536 1205 1621 iurto
1226 1567 1294 1622 seu
1316 1563 1539 1650 quacunque
1561 1568 1697 1644 causa,
1727 1571 1800 1626 nec
1821 1540 1970 1651 quidem
2071 1571 2081 1636 ,t

344 1649 448 1736 citari
460 1652 612 1736 ratione
634 1658 724 1766 epol
741 1653 906 1767 possint,
932 1654 1028 1740 sieut
1047 1654 1161 1772 prius,
1184 1682 1256 1738 nec
1276 1683 1499 1772 comparere
1520 1685 1591 1742 nec
1611 1656 1969 1773 responderecom
2055 1646 2072 1765 l

342 1761 430 1881 pelli
450 1764 613 1854 debeant
633 1768 876 1878 aliquatenus.
927 1766 1008 1856 Sed
1026 1799 1100 1856 nec
1120 1771 1162 1860 in.¹
1178 1771 1277 1858 omni
1298 1801 1434 1876 causa,
1465 1773 1503 1860 in
1523 1772 1707 1860 advenam
1740 1789 1776 1860 et
1797 1774 1971 1878 incolam,
2061 1776 2063 1790 '

341 1884 465 1994 nullus
485 1899 610 2000 preter
628 1886 816 1974 Abbatem
834 1888 895 1974 vel
917 1891 998 2004 ejus
1027 1888 1217 1974 Vicariurn
1239 1890 1276 1975 in
1296 1888 1396 1977 dicta
1424 1889 1602 1978 Bissovia
1623 1906 1660 1978 et
1679 1893 1773 1979 villis
1792 1890 1970 2008 predictis

344 1999 407 2086 tali
419 2002 507 2117 jure
527 2001 670 2110 locatis
693 2029 804 2118 quam
824 2006 873 2093 ab
894 2009 1047 2120 antiquo
1069 2035 1114 2093 ea
1136 2004 1304 2118 libertate
1322 2004 1549 2128 gaudebant,
1572 2009 1692 2096 nullus
1708 2011 1819 2127 plane
1834 2010 1972 2096 babeat

342 2145 410 2204 seu
431 2149 611 2208 exercere
631 2123 771 2210 audeat
784 2123 979 2238 judicandi
999 2139 1235 2243 potestatem.
1283 2119 1444 2213 Omnem
1465 2151 1615 2238 quoque
1636 2129 1793 2215 fructum
1808 2126 1972 2244 judicio-

342 2263 423 2321 rum
445 2237 701 2354 cujuscunque
722 2269 838 2326 cause
858 2243 894 2327 in
911 2243 1112 2352 quamlibet
1124 2271 1327 2358 personam
1345 2243 1477 2330 Abbas
1493 2245 1554 2330 vel
1571 2246 1652 2360 ejus
1667 2243 1841 2333 Vicarius
1857 2245 1974 2350 tollet,

343 2351 394 2440 ad
414 2384 522 2442 usum
548 2354 701 2444 claustri
721 2355 990 2445 convertendo.
1042 2358 1189 2446 Damus
1219 2371 1344 2446 autem
1374 2359 1526 2476 insuper
1557 2362 1594 2447 in
1614 2361 1783 2475 predicte
1813 2361 1972 2448 civitatis

342 2469 530 2559 locatione
550 2502 698 2560 omnem
717 2475 867 2560 modum
889 2477 1098 2561 etlormam
1107 2473 1288 2590 judicium
1304 2475 1516 2580 exercendi,
1537 2478 1633 2562 sicut
1648 2493 1706 2564 est
1720 2509 1768 2594 pu
1826 2477 1972 2594 eclipsi
2029 2563 2033 2576 ,

343 2599 379 2674 et
423 2588 509 2675 ladii
530 2602 567 2675 et
581 2591 678 2694 terri,
699 2591 735 2674 in
751 2589 923 2677 omnibus
944 2591 1041 2678 siout
1053 2593 1118 2706 jus
1138 2587 1391 2676 Novilorense
1408 2591 1523 2708 exigit
1538 2608 1574 2678 et
1590 2595 1754 2704 requirit.
1772 2508 1972 2682 boronus·

341 2619 610 2812 nitdsilominus
631 2721 669 2792 ut
685 2707 808 2792 incole
823 2704 1015 2823 sepedicta
1036 2705 1196 2820 civitatis
1213 2723 1250 2794 et
1267 2705 1434 2792 ¹uillarum
1451 2707 1714 2823 predictarum,
1736 2735 1974 2821 quocumque

342 2853 411 2944 per
431 2840 567 2912 terram
589 2839 756 2910 nostram
778 2823 948 2930 emendo,
969 2822 1180 2927 vendendo,
1201 2823 1255 2911 ire
1276 2823 1336 2910 vel
1358 2824 1481 2912 redire
1502 2855 1664 2936 necesse
1684 2827 1897 2933 habuerint,
1923 2829 1973 2913 ab

343 2944 444 3030 omni
470 2939 656 3028 solutione
686 2940 848 3028 thelonei
879 2955 916 3028 et
935 2941 1108 3060 pedagii,
1141 2941 1203 3055 qui
1233 2939 1283 3030 ad
1312 2940 1522 3059 predictam
1553 2943 1778 3031 locationem
1808 2945 1971 3050 veniunt,

343 3058 449 3146 liberi
479 3060 551 3146 sint
580 3075 763 3176 perpetuo
792 3073 831 3145 et
850 3061 1030 3177 exempti,
1061 3060 1136 3146 boc
1156 3059 1325 3166 addem,
1356 3060 1458 3171 quod
1480 3059 1579 3146 nulla
1600 3061 1698 3158 iactu
1719 3063 1778 3148 vel
1800 3059 1973 3148 iacienda

343 3176 489 3264 locacio
516 3175 686 3311 predicte
718 3175 853 3266 civitati
884 3193 921 3266 et
949 3177 1044 3266 villis
1074 3178 1226 3295 prelatis
1257 3179 1293 3268 in
1324 3178 1606 3289 quibuscunque
1637 3177 1851 3267 utilitatibus
1883 3180 1972 3283 suis,

338 3294 587 3413 prejudicium
603 3296 728 3384 iacere
744 3293 911 3384 debeant
927 3309 993 3384 aut
1007 3325 1226 3416 gravamen.
1256 3295 1394 3382 Actum
1415 3311 1452 3383 et
1466 3295 1592 3384 datum
1609 3297 1645 3385 in
1671 3304 1895 3385 Viadiztacia
1906 3293 1971 3408 (⁵),
2115 3369 2122 3380 .

249 3692 251 3698 ι
322 3645 323 3652 κ
446 3607 486 3694 (³)
512 3607 800 3677 Jonioladislacsbm
814 3611 937 3677 Potonis
950 3611 1148 3676 lnowroctow
1164 3610 1275 3677 dictum
1292 3609 1339 3677 bic
1354 3610 1487 3696 intelligi,
1502 3631 1565 3676 non
1580 3609 1677 3676 solum
1694 3631 1731 3676 ex
1742 3609 1971 3697 propinquitate

343 3693 405 3760 loci
425 3693 555 3772 induco,
578 3693 744 3762 sedetiam
768 3719 784 3762 e
805 3695 943 3794 plurimis
964 3695 1045 3760 baud
1068 3693 1166 3761 dubiis
1189 3695 1320 3772 indiciis,
1368 3695 1456 3760 uibus
1479 3702 1615 3774 constat,
1639 3693 1971 3762 Junivladislarienscm

343 3777 536 3844 solummodo
562 3777 706 3864 (iujurias
728 3781 912 3864 provinciam
937 3777 968 3846 in
993 3779 1110 3856 ditione,
1131 3716 1455 3866 Ziemomysliiluisse
1489 3779 1683 3866 Cilloepelli
1699 3777 1967 3848 irascuntur
2002 3779 2014 3794 “

344 3871 548 3950 auctoresque
563 3862 674 3928 ibidem
690 3859 841 3928 laudatos.
908 3865 914 3876 “
1954 3935 1957 3940 ,

444 3948 529 4012 llaec
548 3954 633 4012 tanta
655 3945 774 4012 illorum
800 3941 984 4032 temporum‘
999 3944 1142 4012 historiae
1168 3949 1294 4035 penuria
1322 3947 1352 4014 in
1367 3967 1456 4027 ceusu
1473 3957 1536 4028 est,
1564 3969 1619 4014 cur
1633 3969 1694 4014 non
1717 3947 1971 4016 crecentioribus

345 4031 454 4110 solum,
480 4031 534 4098 sed
550 4038 581 4096 et
595 4031 632 4097 ab
645 4033 779 4118 'antiquis
794 4051 895 4098 rerum
911 4032 1107 4118 scriptoribus
1122 4041 1154 4097 et
1167 4035 1289 4098 nomina
1305 4043 1336 4099 et
1350 4055 1399 4100 res
1413 4041 1517 4118 gestae
1541 4031 1732 4118 Ziemomysli
1757 4040 1789 4098 et
1812 4031 1973 4098 Ziemoriti
2061 4052 2067 4063 ·

345 4115 421 4198 (turn
437 4117 501 4202 ejus
516 4113 616 4181 fratris
631 4137 669 4181 ex
683 4116 740 4183 alia
753 4125 859 4194 matre,
874 4116 926 4202 qui
941 4117 1012 4182 Dux
1026 4117 1248 4202 Dobrzqnensis
1261 4111 1327 4192 tuit,
1342 4118 1506 4195 tumidius,
1521 4137 1612 4214 quem
1623 4115 1971 4183 MuscviensioPlocen·

345 4223 410 4268 sem
426 4201 542 4264 Ducem
559 4199 651 4267 luisse
666 4201 793 4284 constet)
809 4201 988 4285 plerumque
1002 4201 1235 4267 contundantur.
1249 4202 1290 4265 Et
1301 4202 1479 4284 Dlugossius
1490 4201 1622 4286 quidem,
1637 4199 1855 4285 inopinans)
1870 4201 1971 4285 operis

345 4285 411 4353 e'us
425 4284 602 4369 descriptor,
615 4289 823 4351 contractione
838 4284 995 4352 nominum
1011 4284 1072 4350 illis·
1081 4287 1270 4370 temporibus
1282 4287 1391 4349 usitata
1401 4284 1549 4366 (videlicet
1560 4284 1648 4348 Zenon
1659 4294 1713 4351 out
1723 4285 1802 4367 Zoni
1815 4285 1971 4366 deceptus.

346 4307 549 4452 diemomysto
565 4369 736 4456 Cujoviensi
752 4367 853 4434 etboc
868 4375 899 4433 et
914 4369 1073 4434 Ziemoriti
1085 4389 1194 4435 nornen
1208 4368 1322 4441 tribuit:
1339 4368 1468 4454 ideoque
1480 4367 1647 4440 Ziemovito
1658 4390 1785 4435 uxorem
1796 4369 1970 4435 Solomcam

345 4453 484 4540 filiosque
507 4453 688 4528 Leseomm,
714 4453 912 4518 Promislaum
928 4461 959 4516 ct
974 4451 1152 4520 Gasimirum
1169 4453 1312 4518 adscribit
1326 4451 1401 4535 (Vll.
1419 4450 1507 4534 785),
1534 4473 1610 4539 quos
1634 4463 1759 4520 cunctos
1780 4451 1971 4536 ztemomystt

346 4537 436 4603 luisse
452 4544 579 4602 constat
616 4535 678 4616 Qut
693 4535 815 4622 quidem
832 4545 918 4601 etror
932 4556 970 4602 eo
986 4536 1085 4621 major
1098 4542 1163 4614 est,
1185 4538 1266 4634 quod
1283 4535 1517 4622 Ziemomyslum
1534 4559 1558 4602 a.
1575 4537 1655 4605 1287
1673 4539 1752 4603 nullu
1789 4536 1854 4601 role
1866 4535 1971 4600 relicta

347 4621 511 4688 decessisse
527 4621 634 4695 tradit;
657 4641 750 4770 quum
766 4628 988 4687 tarneonotum
1005 4621 1046 4686 sit
1058 4629 1123 4686 tum
1140 4642 1176 4685 er
1193 4641 1260 4705 ipso
1286 4620 1450 4704 Dlugossio
1476 4620 1543 4704 (uid.
1556 4623 1637 4686 Vlll.
1653 4621 1743 4688 8851
1777 4667 1785 4683 .
1800 4619 1872 4694 906,
1886 4617 1970 4700 ute),

345 4713 412 4771 tum
435 4727 473 4770 ex
495 4705 561 4770 aliis
583 4727 661 4771 anna
674 4707 741 4772 ibus
756 4705 928 4791 tabulisque
942 4704 1010 4853 qvid.
1025 4707 1089 4770 uite
1103 4703 1135 4768 S.
1151 4705 1279 4791 Hedoip.
1294 4725 1341 4791 op.
1355 4704 1472 4770 Stenzel
1489 4705 1609 4852 Scripsi.
1621 4727 1683 4772 rer.
1700 4704 1831 4769 Silesioc.
1844 4703 1882 4768 ll.
1898 4702 1970 4768 stu.

347 4787 486 4857 Edronis.
521 4791 611 4855 rincc.
623 4791 725 4878 poton.
740 4793 764 4855 l.
783 4791 852 4855 154.
880 4796 941 4854 Arc
965 4789 1003 4853 id.
1019 4789 1132 4855 Gnesn.
1147 4809 1195 4874 sp.
1209 4789 1394 4855 Summersb.
1408 4791 1444 4854 ll.
1460 4789 1531 4854 lll.
1584 4790 1648 4872 oigt
1663 4786 1766 4853 Gcscl.
1785 4789 1905 4853 Praise.
1919 4788 1971 4852 IV.

287 4973 290 4978 ι
348 4873 408 4943 188
423 4882 455 4942 et
468 4813 542 4959 de)
564 4874 644 4941 illius
662 4873 754 4942 luisse
769 4873 863 4955 lilios,
884 4894 961 4960 quos
976 4893 1066 4960 supra
1080 4872 1285 4942 indicavimus.
1323 4873 1507 4942 Ziemoritus
1520 4879 1623 4939 sutem
1639 4894 1677 4940 er
1691 4873 1868 4952 busensis,
1892 4891 1971 4958 quae
