4778 5952
1012 737 1286 812 ...239..

417 939 801 1059 Adpostulotionom
821 937 1016 1026 ‘Generosi
1044 938 1232 1028 Valentini
1262 939 1509 1029 Bartliowslri
1531 969 1664 1029 soram
1680 943 1829 1032 ludioio
1847 974 1972 1063 prae·
2097 937 2102 948 ’

329 1060 425 1148 senti
456 1055 662 1146 Ordinatio
688 1051 873 1144 'aaroni
902 1058 1113 1146 Tribunalis
1141 1057 1271 1178 Regni
1292 1057 1535 1149 bubliuansis
1551 1062 1797 1177 personaliter
1812 1065 1962 1170 stantis,

322 1177 553 1295 judioioliter-
567 1177 725 1292 luem,
755 1174 944 1263 tudinum
969 1199 1152 1294 praesens
1182 1177 1311 1265 literas
1336 1178 1521 1296 priuilegii
1541 1178 1800 1294 inirasoriptas
1847 1212 1962 1302 arga-¹

327 1318 483 1384 mensas
514 1293 751 1414 oum-,sigillo
777 1310 921 1503 mappa
948 1294 1540 1383 infitoenteeoeisdem-literis
1559 1326 1769 1413 appense,
1842 1301 1975 1406 'Auta

328 1413 544 1530 praeseutia
587 1412 800 1500 Tribubalis
886 1413 973 1532 egoi
1018 1411 1255 1504 Lublt'nanuls
1291 1444 1359 1530 per
1390 1413 1542 1504 modum
1572 1413 1736 1502 mana>
1752 1431 1961 1532 pensatas,

329 1532 516 1648 suseepit,
548 1529 781 1649 easdemque
800 1530 908 1618 Astis
928 1529 1190 1648 praesentibus
1209 1531 1421 1650 ingressuri
1441 1531 1641 1620 mandavit.
1678 1531 1860 1644 '‘Quarum
1882 1537 1963 1655 qui·

331 1649 757 1738 lantoniensem
776 1648 982 1738 verborum
1002 1650 1167 1768 sequitur
1187 1649 1286 1738 tulis:
1368 1691 1373 1702 ·
1481 1663 1484 1671 '
1559 1693 1560 1698 Ν
1619 1693 1623 1700 ·
1758 1695 1761 1702 ’

349 1773 370 1830 ·³
400 1815 402 1822 ,
432 1768 476 1856 lu
505 1768 668 1856 -nomina'
702 1766 861 1872 domnii,
898 1795 1035 1861 umen«
1079 1767 1204 1854 Deest
1241 1768 1499 1862 excellentiam
1540 1769 1768 1888 principum,
1810 1799 1963 1860 suorum
2048 1855 2054 1862 .
2110 1847 2113 1854 .

330 1884 820 1978 substommoonnodts
836 1900 874 1972 et
903 1885 1119 1976 utilitatibus
1146 1885 1361 1993 intendere,
1377 1903 1432 1974 -ut
1458 1886 1546 1974 dum
1562 1917 1703 1976 eorum
1734 1891 1964 2007 protendas

329 2006 543 2124 mvigilant,
572 2005 689 2122 ipsos,
707 2006 749 2092 in
769 2001 925 2092 honoris
945 2007 1002 2092 sui
1018 2005 1262 2122 'promotione
1280 2003 1498 2121 e't-seruitijs
1519 2008 1681 2094 sentiant
1699 2009 1963 2126 promptiores.

178 2215 181 2222 Ι
330 2119 414 2211 lllos
434 2125 553 2243 'igitur
579 2121 887 2212 Vladisluusdei
907 2123 1032 2242 gratia
1052 2122 1137 2210 Dux
1158 2121 1421 2241 Oppoliensis,
1452 2125 1636 2212 Dominus
1655 2124 1907 2214 Vieluniensis
1928 2142 1966 2213 st

330 2240 497 2331 Russiue
510 2256 583 2330 etot
617 2241 679 2328 Ad
695 2247 916 2358 perpetuam
932 2242 988 2327 rsi
997 2243 1221 2328 memoriam
1238 2241 1615 2330 volumusdeuenire.
1651 2242 1771 2356 Quod
1787 2247 1966 2361 inspectis

304 2447 306 2452 ,
331 2358 462 2478 dignis
486 2375 525 2446 et
541 2357 731 2448 ttdettus·
747 2359 942 2478 olustquip's
973 2387 1041 2476 per
1071 2359 1330 2449 Cbodkouem·
1347 2359 1543 2448 Loiuwion
1563 2359 1713 2446 fidelem
1734 2363 1844 2450 nobis
1865 2363 1966 2450 exhi*

331 2478 442 2582 titis,
464 2493 506 2565 ot
523 2477 650 2566 adnuo
677 2479 807 2565 suturis
829 2478 1062 2594 temporibus
1082 2477 1191 2566 nobis
1219 2491 1260 2562 at·
1277 2481 1415 2566 nostris
1436 2479 1728 2566 suooossoribus
1749 2509 1796 2566 so
1817 2479 1966 2570 fidelius

331 2594 572 2700 exbiberrdis,
605 2609 768 2683 niaturo·
784 2611 1001 2682 noseorum
1030 2597 1222 2684 saniorum
1253 2597 1474 2711 praehabito
1505 2597 1663 2684 oonsilio
1694 2597 1880 2716 diligenti,
1916 2597 1967 2684 de

331 2727 484 2802 nostrae
519 2713 719 2834 largitatis·
735 2711 1020 2818 munificentia,
1042 2703 1163 2802 etdin
1194 2711 1394 2800 Gbodkoni
1424 2728 1462 2801 at
1480 2714 1570 2802 suis
1600 2713 1968 2832 henrimannum

332 2832 508 2952 legitimis
530 2832 839 2937 suecessoribus,
876 2832 1000 2922 villam
1020 2847 1190 2920 nostrum
1213 2830 1351 2918 dietam
1376 2829 1651 2944 Gozdzeezffi),
1688 2862 1807 2950 prope
1831 2833 1970 2919 llumen

333 2948 472 3037 dietum
496 2955 713 3050 Caurnowa,
734 2951 771 3034 in
788 2949 968 3035 Distriotu
985 2965 1117 3037 nostru
1141 2950 1382 3054 Colomiensi,
1400 2978 1485 3036 eum
1502 2950 1674 3038 omnibus
1690 2953 1768 3039 suis
1785 2947 1972 3064 perlinam
2127 2956 2131 2964 ’

336 3068 414 3184 tijs‚
440 3065 587 3183 juribus
609 3081 645 3153 et
665 3064 859 3182 dominijs,
890 3067 1151 3183 prouentibus,
1174 3067 1472 3186 abuentionibus,
1495 3067 1684 3170 censibus
1705 3064 1912 3155 redditibus
1933 3084 1970 3157 et
2021 3153 2027 3164 ,

333 3184 602 3290 emolumentis,
636 3199 748 3301 prout
768 3183 901 3270 eadem
922 3185 1009 3272 villa
1030 3185 1066 3272 in
1086 3185 1164 3274 suis
1185 3188 1294 3273 metis
1315 3199 1353 3273 et
1372 3187 1553 3304 granieijs
1574 3198 1633 3273 est
1652 3185 1788 3271 situata
1808 3187 1970 3272 oireum-

332 3303 570 3412 lerentialitsr
598 3315 637 3420 et
656 3301 847 3409 distinata,
877 3333 964 3390 oum
991 3305 1097 3424 agris
1118 3303 1228 3392 eultis
1247 3319 1289 3392 et
1309 3304 1456 3392 incultis
1478 3303 1583 3390 etde
1603 3332 1706 3392 nouo
1728 3305 1968 3421 extirpandis,

335 3453 419 3522 oum
442 3417 565 3526 siluis,
595 3420 756 3527 maricis,
782 3422 1008 3527 nemoribus,
1029 3421 1182 3528 rubetis,
1204 3421 1525 3538 aucupationibus,
1546 3421 1818 3526 venationibus,
1840 3424 1969 3538 pratis,

334 3541 499 3657 pascuis,
519 3537 754 3641 molendinis,
774 3539 1118 3657 stagnispisoinis,
1133 3538 1524 3644 'montibuaaoollibua
1539 3537 1709 3641 vallibus,
1725 3539 1969 3655 planiciebus,

334 3655 464 3775 aqua,
493 3664 727 3774 aquarumve
744 3655 992 3763 desursibus,
1019 3655 1257 3776 eaeterisque
1278 3656 1450 3745 omuibus
1471 3655 1735 3774 adhaerentis,
1757 3657 1970 3744 utilitatibus

335 3788 373 3863 et
393 3772 645 3862 usulruotibus*
667 3766 895 3892 pronuncio
917 3774 1016 3864 diota
1036 3773 1130 3860 villa
1140 3770 1394 3880 existentibus,
1413 3776 1474 3864 vel
1490 3775 1724 3893 temporibus
1740 3775 1970 3865 suecessiuis

335 3924 383 3980 ex
405 3892 540 3980 eadem
561 3894 761 4010 prouenire
775 3893 998 3999 valentibus,
1020 3891 1166 4000 damus,
1189 3895 1426 3999 conferimus
1447 3892 1633 3982 muamus
1649 3907 1686 3980 et
1702 3893 1969 4010 approbamus

335 4011 457 4099 eidem
487 4010 689 4098 Cbodlroui
718 4025 754 4098 at
782 4012 861 4100 suis
888 4007 1091 4100 heredibus
1120 4026 1157 4098 et
1177 4012 1349 4132 legitimis
1370 4010 1680 4113 suecessoribus,
1710 4005 1970 4115 haereditarie,

328 4131 429 4216 dure
449 4127 626 4232 Feudali,
657 4159 704 4216 ea
725 4130 896 4216 libertate
917 4145 955 4218 et
975 4128 1267 4236 consuetudine,
1301 4159 1373 4248 qua
1396 4131 1534 4218 caeteri
1553 4128 1687 4215 vasalli
1707 4129 1825 4215 nostri
1845 4129 1970 4245 possi·
2045 4135 2098 4209 u·

336 4246 518 4348 denusua
539 4247 663 4350 buna,
691 4250 881 4362 perpetuis
911 4249 1142 4364 temporibus
1168 4246 1460 4362 possidendum,
1493 4245 1714 4350 tenendam,
1744 4245 1970 4350 habendam,
2056 4290 2060 4300 ,

336 4358 595 4468 tendendam,
627 4362 891 4484 obligandam,
914 4362 1148 4471 donandam,
1169 4365 1417 4468 alienandum,
1443 4363 1708 4465 immutandam
1729 4360 1841 4478 (sio),¹
1863 4361 1969 4451 etad

193 4555 198 4562 .
337 4508 431 4571 usus
450 4480 708 4601 beneplacitos
729 4481 1032 4570 conuertendam.
1077 4481 1309 4570 Hoo'tamen
1331 4482 1498 4590 exobrso,
1522 4481 1624 4602 quod
1646 4483 1781 4603 singuli
1802 4481 1970 4569 ometbo·
2076 4579 2085 4590 ι

338 4631 408 4687 nes
428 4603 464 4688 in
485 4599 586 4689 dieta
606 4600 691 4725 villa
713 4599 943 4706 residenteS,
975 4599 1085 4688 nobis
1115 4614 1152 4688 et
1173 4602 1311 4689 nostris
1332 4603 1642 4706 successoribus,
1674 4599 1831 4720 singulis
1851 4601 1969 4700 annis,

348 4839 373 4902 ⁸¹
443 4867 483 4950 (²)
512 4868 587 4934 Villa
603 4837 780 4936 waxdniee
793 4870 850 4936 sits
865 4877 912 4935 est
925 4871 956 4936 in
972 4869 1087 4976 Gulipiu
1102 4870 1133 4936 in
1149 4868 1270 4938 Circulo
1286 4842 1478 4936 Coloniensi.
