4780 5922
1016 789 1192 862 -209
1247 827 1292 841 -

274 1045 280 1062 ·
337 991 373 1074 in
392 991 487 1080 vi11is
509 990 755 1109 supradictis,
787 989 897 1075 alium
925 1007 1138 1108 qmetonem
1163 1006 1379 1078 extraneum
1411 1019 1487 1078 non
1521 991 1783 1083 inhabitantem
1813 997 1908 1084 vittis
1929 1000 1966 1084 in

335 1107 501 1222 prefatis,
523 1101 713 1214 occiderit,
735 1133 890 1228 sorores
910 1106 983 1200 iam
1004 1109 1103 1194 dicte
1124 1110 1257 1226 capitis
1279 1110 1396 1196 occisi
1417 1137 1528 1194 unam
1549 1139 1715 1198 marcam
1738 1115 1965 1231 optinebunt

322 1224 520 1313 'Volumus
555 1227 694 1332 eciam,
730 1238 768 1311 ut
799 1225 919 1310 nulius
944 1227 1201 1341 ,palatinorum
1238 1223 1275 1312 et
1304 1221 1598 1313 ¹castellanorum
1635 1243 1865 1336 nostrorum,
1901 1247 1983 1326 aut.

328 1341 496 1460 judicum
537 1343 674 1432 habeat
714 1343 925 1428 facultatem
971 1342 1108 1430 citandi
1149 1371 1215 1430 seu
1256 1343 1444 1431 iudicandi
1480 1359 1699 1460 prenotatas
1739 1347 1966 1438 hereditates

335 1489 530 1567 sororum,
561 1464 631 1550 nisi
652 1491 736 1548 cum
757 1460 926 1548 homines
947 1460 1115 1547 viliorum
1135 1459 1386 1578 predictamm
1417 1463 1555 1550 annulo
1586 1463 1646 1550 uel
1677 1464 1800 1582 sigillo
1822 1481 1966 1574 nostro,

334 1595 399 1666 aut
419 1579 521 1666 litera
543 1592 673 1667 nostra
693 1580 887 1704 prouocati
908 1579 1059 1684 fuerint,
1090 1577 1322 1696 respondere
1344 1576 1572 1666 tenebuntur,
1621 1579 1672 1667 Ut
1693 1596 1815 1670 autem
1836 1598 1966 1672 nostra
2079 1605 2082 1612 ’

333 1696 406 1783 hec
437 1695 600 1784 donacio
630 1697 802 1782 afuturis
833 1727 909 1783 non
929 1699 1049 1812 possit
1069 1696 1261 1803 reuocari,
1292 1713 1489 1812 presentes
1509 1697 1610 1796 lieri,
1643 1701 1837 1818 nostrique
1857 1702 1888 1788 si
1920 1702 1975 1788 '11i'

335 1814 533 1932 signaculo
554 1816 730 1902 iussimus
751 1813 935 1902 roborari.
976 1813 1152 1902 Testibus
1172 1812 1330 1931 ydoneis
1351 1813 1571 1919 subnotatis
1593 1814 1783 1903 uidelicet:
1803 1816 1914 1905 Nico
1940 1847 1964 1906 o

334 1930 541 2019 castellano
573 1932 776 2046 Cyrnensi‚
810 1931 973 2022 Cristino
1002 1931 1171 2050 dapifero
1202 1930 1506 2039 Warsseuiensi,
1538 1930 1697 2020 Nieoiao
1728 1933 1966 2024 thezaurario

334 2049 541 2152 Hennensi,
572 2048 728 2137 Andron
761 2049 1041 2136 subcamerario
1075 2049 1311 2152 Gostinensi,
1341 2048 1549 2137 Vincencio
1569 2049 1644 2137 nno
1666 2051 1818 2169 palatini
1840 2052 1966 2170 Cuya-

334 2167 508 2273 wiensis,
539 2167 713 2253 iohanne
734 2166 834 2253 dicto
856 2165 994 2285 Zgles,
1027 2165 1249 2254 Nasutkone
1274 2167 1518 2254 curiensibus.
1568 2167 1706 2254 Datum
1728 2185 1764 2255 et
1784 2183 1909 2256 actum
1930 2173 1967 2257 in
2030 2245 2034 2254 .

337 2281 544 2390 Gostinino,
568 2286 603 2370 in
624 2284 685 2369 die
706 2285 806 2370 beati
827 2284 968 2371 Mathia
989 2285 1160 2401 apostoli,
1182 2285 1252 2370 sub
1273 2315 1373 2371 anno
1395 2284 1611 2372 domini111⁰
1635 2285 1683 2371 C⁰
1700 2288 1746 2372 C⁰
1763 2289 1809 2372 C⁰
1825 2287 1871 2374 L⁰
1887 2288 1965 2392 111⁰,

333 2399 388 2486 Vi
411 2399 758 2518 kalendastbiarcij.
800 2401 986 2520 Scriptum
1007 2433 1077 2520 per
1096 2432 1229 2506 manus
1250 2399 1425 2519 Anthouij
1447 2401 1591 2519 Notarij
1615 2406 1727 2490 curie.

1079 2683 1233 2802 cxnt.

472 2888 810 2986 concoctae,
838 2905 994 2972 anno
1019 2885 1167 2974 1354
1193 2886 1245 2970 d.
1271 2885 1343 2971 19
1369 2907 1512 2972 men.
1538 2889 1830 2994 Jonucrtt.

334 3055 604 3131 castali-us
618 3055 688 3128 ltcx
701 3054 856 3144 Potentes,
870 3055 1001 3127 tonum
1015 3055 1178 3141 Pakontao,
1192 3055 1319 3128 haeredi
1333 3055 1372 3127 dc
1387 3057 1536 3145 ἕτοιμοι,
1552 3055 1698 3148 oppidum
1710 3055 1965 3130 chscbouicnso
1998 3115 2001 3120 .

685 3156 968 3248 (lambentemque
984 3156 1620 3251 oppidojurthomoucuuconccditt¹t
1992 3151 1996 3158 '

435 3349 478 3435 ln
499 3349 648 3436 nomine
670 3346 829 3452 domini,
860 3375 980 3433 amen.
1031 3345 1154 3433 Decet
1173 3345 1345 3464 equidem
1366 3359 1481 3463 capnt
1499 3347 1624 3434 nobde
1652 3347 1827 3434 membris
1848 3347 1966 3433 fulciri

334 3467 531 3554 nobilibus.
576 3465 739 3582 Expedit
768 3467 894 3583 itaque
924 3462 1050 3582 Regie
1080 3463 1272 3580 Majestati
1301 3461 1443 3548 habere
1473 3463 1647 3549 subditos
1676 3463 1896 3579 opulentos,
1927 3479 1968 3550 ut

334 3615 465 3673 eorum
501 3585 649 3670 suffulta
684 3581 877 3698 presidijs,
919 3580 1140 3668 defendatur
1175 3579 1404 3695 temporibus
1441 3581 1662 3696 opportunis
1699 3581 1747 3666 ab
1782 3579 1966 3668 adversis.

337 3701 456 3822 igitur
484 3702 657 3794 noverint
686 3714 883 3816 presentes
904 3713 941 3785 et
961 3700 1124 3813 posteri,
1161 3696 1210 3783 ad
1233 3727 1390 3816 quorum
1412 3699 1585 3786 noticiam
1605 3727 1765 3814 presens
1786 3698 1991 3815 scriptum,

335 3821 370 3906 in
393 3820 622 3937 perhennem
643 3819 859 3905 memoriam
881 3816 987 3902 fuerit
1007 3814 1232 3904 devointdm.
1282 3813 1399 3927 Quod
1422 3845 1493 3903 nos
1515 3815 1729 3902 Kazimirus
1752 3813 1811 3902 dei
1832 3816 1965 3933 gracia

334 3937 420 4024 Rex
451 3937 630 4043 Pdeme,
662 3967 732 4024 nec
754 3964 827 4022 non
849 3950 1030 4021 terrarum
1054 3935 1260 4039 Graeceio,
1293 3931 1550 4036 Sandomirie,
1581 3934 1747 4037 Siradie,
1779 3931 1965 4036 Lancicie,

338 4054 525 4169 Cuyavie‚
559 4055 805 4157 Pomeranic‚
837 4052 1054 4172 Russieque
1073 4053 1257 4140 ‘dominus
1288 4067 1325 4138 et
1344 4051 1468 4139 heres.
1522 4048 1817 4137 Considerantes
1838 4048 1965 4169 digna,

335 4173 459 4276 clara,
490 4172 836 4290 comendabiliaque
857 4172 1007 4276 merita,
1038 4186 1076 4257 et
1096 4169 1350 4288 obsequibiles
1371 4186 1478 4256 actus
1498 4167 1620 4254 fidelis
1642 4168 1759 4282 nostrj
1783 4167 1963 4282 Pakosiaj

334 4289 537 4396 iohannis,
568 4289 719 4376 heredis
740 4289 788 4376 de
808 4291 1006 4400 sueyse,
1039 4289 1172 4405 quibus
1193 4290 1229 4373 in
1250 4300 1337 4374 ante
1355 4315 1411 4389 ea,
1442 4287 1520 4372 suis
1540 4283 1830 4372 racionabilibus
1851 4284 1965 4370 obse·

336 4407 442 4524 quijs,
465 4436 534 4525 pro
551 4408 736 4493 communi
753 4407 852 4493 bono
875 4405 1004 4524 Regni
1024 4406 1140 4491 nostri
1162 4404 1320 4491 Poionie
1342 4418 1379 4488 et
1396 4415 1494 4488 terre
1515 4400 1666 4505 Russie,
1689 4431 1800 4520 quam
1816 4403 1965 4487 fauente

334 4526 488 4612 domino
509 4526 775 4644 gubernamus,
797 4551 930 4640 pacem
952 4534 990 4606 et
1010 4521 1296 4639 tranquditatem
1317 4517 1507 4625 ordinans,
1529 4519 1579 4606 ad
1600 4519 1816 4606 Tartaricas
1837 4519 1965 4604 nacio-

335 4671 404 4729 nes
425 4642 660 4760 descendere
686 4673 761 4730 non
782 4643 952 4758 expavit,
982 4641 1094 4728 vitam
1117 4668 1225 4726 suam
1246 4667 1322 4724 non
1343 4652 1625 4755 preposterans,
1652 4636 1703 4722 ad
1724 4635 1908 4722 honorem
1930 4652 1967 4724 ct

437 4823 472 4908 (¹)
500 4823 548 4890 Ex
563 4824 645 4890 tibris
661 4845 752 4890 manu
767 4824 885 4908 scriptis
900 4823 989 4908 uulgo
1010 4821 1141 4906 Metryki
1165 4819 1312 4885 iioronne
1328 4797 1414 4884 dictis
1429 4819 1458 4882 in
1473 4819 1662 4884 Varsaviensi
1678 4817 1827 4884 tabulario
1844 4816 1965 4902 publico

336 4907 432 4993 Regni
449 4908 594 4975 Potoniae
609 4909 779 4986 asserentis,
794 4908 961 4993 etquidem
977 4907 1020 4975 N⁰
1036 4907 1129 4972 11th.
1145 4925 1210 4992 pag.
1224 4905 1286 4970 141
1302 4904 1494 4988 descriptum.
1761 5003 1794 5058 η
1833 4951 1836 4958 .
