4870 5948
1092 716 1342 786 ...17-

378 931 380 938 “
402 911 456 1044 sis
476 910 713 1028 Episcopus,
741 929 922 1045 precepto
943 913 1150 1030 prohibitus
1171 917 1383 1032 apostolico
1403 918 1572 1034 predicte
1591 919 1761 1009 redditus
1782 924 1841 1008 cui
1862 925 2029 1015 ministro
2143 977 2148 982 ·

402 1030 587 1116 alienandi
619 1029 796 1136 ecclesie,
837 1033 1008 1148 quemvis
1045 1035 1188 1120 crebris
1224 1036 1400 1150 precibus
1436 1039 1692 1126 evenerabiii
1727 1041 1841 1127 fratre
1877 1042 2031 1131 domino

401 1311 580 1399 Epieccpi.”
620 1311 755 1398 Sigillum
779 1322 925 1400 quartum
944 1335 1006 1381 uon
1029 1315 1172 1382 absimilis
1194 1315 1328 1400 formae,
1358 1319 1443 1404 cujus
1465 1320 1616 1387 funiculus
1645 1321 1767 1389 essavis
1788 1307 2029 1411 rubrisque'fiiis

401 1405 561 1463 contextus
576 1406 639 1475 est,
661 1399 816 1464 sedentem
832 1401 1016 1485 Episcopum
1033 1401 1164 1483 praefert
1179 1401 1299 1468 sinistra
1315 1405 1421 1469 lituum
1436 1410 1609 1482 tenentem,
1633 1408 1737 1472 dextre
1753 1418 1806 1474 eut
1820 1411 1954 1490 stodiam,
1976 1420 2030 1478 ant

400 1503 518 1548 remum
530 1504 603 1573 cum
618 1483 691 1548 lilio:
706 1484 862 1570 inscriptio
880 1484 954 1550 baec
969 1485 995 1548 ic
1019 1485 1087 1552 tur:
1101 1487 1215 1563 „Falco
1232 1489 1262 1552 E
1269 1535 1361 1553 ......
1369 1491 1556 1554 nemim&
1577 1491 1702 1558 Sextum
1714 1493 1840 1578 sigilium
1853 1496 2029 1578 rotundum,

401 1568 486 1652 cujus
503 1569 653 1651 margines
668 1568 755 1636 valde
769 1577 841 1633 sunt
854 1569 941 1643 tansi,
963 1591 981 1634 e
1003 1571 1093 1654 igiem
1109 1571 1251 1656 Episcopi
1268 1572 1399 1639 sedentis
1415 1585 1658 1660 repraesentans,
1680 1578 1798 1642 sinistre
1815 1599 1906 1642 manu
1921 1581 2029 1648 iituum

400 1653 549 1729 tenentis,
572 1652 677 1717 dedra
692 1653 872 1718 subniteiitis
887 1653 965 1718 alam
981 1654 1080 1720 minus
1095 1657 1209 1721 affabre
1225 1678 1419 1742 expressum
1448 1679 1486 1724 eii
1501 1660 1701 1743 inscriptionis
1724 1662 1853 1746 vestigiis
1869 1663 1917 1727 vix
1933 1665 2028 1731 oculis

400 1737 637 1820 conspiciendis:
659 1783 772 1814 .......
782 1757 853 1802 cro.
865 1785 873 1802 .
885 1785 894 1801 .
906 1786 914 1802 .
926 1741 989 1803 neni
1003 1741 1111 1806 eccles.
1125 1742 1150 1806 .''
1165 1740 1317 1825 conjicere
1330 1743 1419 1817 sinit,
1441 1745 1586 1828 scriptum
1601 1744 1710 1812 tuisse:
1738 1745 1890 1830 „Sigillum
1906 1749 2028 1832 capituli
2065 1791 2072 1804 ·

316 1873 318 1878 .
351 1866 371 1906 3
399 1819 606 1886 cracoviensis
621 1821 771 1888 ecclesie.”
807 1823 841 1886 ln
857 1822 1086 1908 autbogrepbo‚
1108 1825 1191 1911 quod
1208 1825 1255 1890 bic
1271 1827 1466 1900 describitur.
1490 1829 1547 1894 boc
1561 1831 1712 1915 singulare
1727 1832 1920 1910 observetur,
1943 1833 2029 1918 quod

399 1903 621 1970 canonicorum
645 1905 892 1972 Cranoviensium
916 1908 1033 1972 mentio
1048 1910 1091 1973 sic
1106 1919 1153 1974 est
1167 1909 1263 1986 facte,
1285 1913 1371 1995 quasi
1387 1912 1495 1996 singuli
1513 1935 1618 1978 eorum
1637 1915 1757 1979 nomina
1773 1935 1825 1978 sua
1842 1916 2029 2000 posuissent:

398 1997 505 2086 estque
521 1989 595 2054 baec
610 1989 740 2075 adjectio
757 2013 818 2056 iion
832 1992 925 2058 mode
937 1994 1106 2059 minoribus
1118 1995 1207 2078 longe
1220 1994 1324 2073 literis,
1340 2015 1431 2081 quarn
1444 1997 1541 2081 ipsum
1554 1999 1750 2084 privilegium,
1766 2019 1918 2082 expressa:
1932 2001 2030 2070 sedet

398 2094 429 2137 in
440 2074 540 2138 forma
552 2095 656 2138 earum
669 2077 778 2158 passini
792 2077 970 2142 observatur
981 2079 1124 2144 nonnulla
1136 2079 1315 2156 differentis
1331 2101 1506 2166 quanquam
1519 2083 1548 2145 in
1560 2081 1732 2148 universum
1749 2091 1780 2147 et
1790 2082 1867 2148 istiu
1878 2083 2029 2150 scribendi

303 2207 308 2218 .
397 2166 549 2232 constans,
565 2165 596 2219 et
606 2159 765 2221 atramenti
781 2160 860 2224 idem
874 2161 1156 2242 colon—Tempus,
1172 2181 1233 2242 quo
1245 2163 1345 2226 tabuia
1358 2165 1467 2244 scripte
1482 2165 1529 2235 sit„
1544 2167 1600 2227 etsi
1617 2187 1654 2228 eii
1669 2166 1733 2249 ipsa
1745 2187 1805 2229 non
1818 2175 2028 2251 pateat-certo

397 2248 499 2303 tamen
511 2238 630 2302 definiri
642 2245 752 2320 potest
771 2239 959 2320 Episcopum
976 2239 1207 2304 Crucovianseui
1225 2243 1389 2305 sunonem
1406 2265 1485 2306 anno
1504 2245 1586 2308 1207
1602 2247 1651 2310 die
1668 2248 1702 2310 ii
1719 2249 1829 2312 mensis
1842 2249 2028 2331 Septembris

397 2333 553 2388 mortuum
571 2341 637 2384 essa
660 2321 752 2386 docet
773 2322 957 2404 Diugossins
979 2321 1052 2404 (Lib.
1075 2325 1127 2388 Vi.
1144 2344 1171 2406 p.
1185 2325 1275 2408 602),
1297 2327 1467 2411 eodemque
1489 2348 1569 2390 auno
1591 2330 1787 2398 Laurentium
1809 2333 2027 2415 Episcopatum

396 2405 659 2471 Vrntisiariensem
675 2404 802 2480 adiisse,
823 2406 922 2470 cuncti
938 2407 1091 2471 annalium
1109 2409 1272 2492 scriptores
1289 2428 1351 2473 uno
1374 2430 1428 2472 ore
1450 2409 1589 2474 fatentur.
1625 2412 1704 2476 Hinc
1726 2413 1899 2495 conjectura
1922 2415 2026 2494 facitis,

398 2489 501 2576 primis
512 2496 582 2553 octo
595 2489 748 2552 iriensibus
759 2490 829 2553 anni
842 2489 919 2553 1207
930 2490 1125 2556 donationem
1135 2491 1214 2574 banc
1224 2492 1317 2556 literis
1329 2494 1534 2574 consignatam
1544 2493 1648 2559 fuisse.
1665 2495 2026 2581 Quaeressiceiipiorata
2097 2561 2102 2568 .

397 2575 516 2672 copsert
527 2574 565 2637 ad
577 2574 778 2670 cpnciiiandne
791 2573 923 2638 diversas
934 2573 1112 2672 traditiones
1122 2575 1162 2639 de
1173 2583 1322 2654 tempore,
1337 2597 1400 2661 quo
1411 2575 1579 2726 Cpprinnus
1590 2579 1761 2663 Episcopus
1773 2579 2025 2678 Vretisiariensis

395 2680 454 2808 {ui
465 2660 659 2754 Laurentium
677 2678 812 2780 proxime
823 2668 998 2742 praecessit,
1012 2667 1050 2757 sit
1065 2668 1212 2756 mortuos.
1233 2660 1310 2725 Nam
1325 2679 1420 2764 quum
1467 2664 1615 2746 iugossius
1631 2662 1755 2761 ((ὶίποςιἱ
1767 2663 1817 2728 VL
1832 2663 1894 2729 603
1911 2672 1943 2761 et
1955 2663 2025 2764 bistt

399 2741 2025 2915 1tittttitd{bitiSitittiit:ttsiittddtttttttubitttttbittmt'tzbs

397 2911 519 2996 Seriptt.
542 2931 600 2976 rer.
618 2910 708 2976 Sites.
731 2912 765 2976 T.
789 2913 812 2976 Ι.
833 2932 862 2995 ρ.
876 2875 959 2987 iou)
974 2913 1054 2978 diem
1075 2913 1151 2978 16⁰m
1166 2911 1301 2998 ejusdam
1317 2915 1428 2980 mansis
1443 2921 1475 2978 ct
1489 2915 1559 2980 anni
1574 2915 1640 3000 ejus
1655 2917 1744 2980 nid'rti
1760 2897 1910 2999 assignet,
1931 2921 2026 3000 porro

399 2997 580 3082 Cotbclopus
600 2997 822 3082 Episcoporum
852 2997 1125 3072 Vratisloeicnsium
1146 2995 1227 3080 (ibid,
1251 2998 1285 3061 Τ.
1307 2997 1344 3061 11.
1366 3018 1393 3081 p.
1417 2997 1486 3082 133)
1509 2998 1548 3065 ad
1570 3019 1681 3064 annum
1709 2999 1788 3063 1202
1811 3021 1877 3064 eam
1900 2999 2024 3073 referat:

396 3101 475 3146 unus
491 3079 704 3164 Sipismuiidus
718 3080 820 3230 Rdipc
834 3081 864 3144 iii
880 3079 1033 3146 Chronico
1047 3081 1268 3164 Episcoporum
1283 3081 1561 3148 Vratislaviensium
1577 3083 1635 3167 (ap.
1651 3077 1835 3149 Sommersb.
1850 3085 1872 3148 1.
1887 3083 1942 3167 65)
1954 3105 2025 3149 vere
2118 3119 2122 3127 ι
2206 3067 2211 3074 ’

395 3166 478 3252 diem
488 3167 526 3229 01
542 3165 654 3229 mensis
666 3165 782 3230 Novem
807 3165 1288 3250 risenni1206iitaeejusiinem
1300 3165 1443 3232 edtuIisse
1455 3169 1541 3230 nobis
1553 3168 1672 3231 tradere
1684 3167 1810 3232 videtur.
1827 3168 2024 3252 Dtugossium

397 3251 422 3314 si
439 3250 468 3313 in
484 3249 684 3314 adscribendo
700 3249 749 3312 dic
765 3249 871 3314 mortis
884 3250 1026 3315 Falconis
1039 3248 1184 3334 Episcopi
1199 3249 1309 3315 erroris
1325 3250 1483 3316 absolvere
1498 3251 1654 3330 volumus,
1675 3251 1753 3316 banc
1769 3251 1839 3315 anni
1860 3251 1939 3316 1206
1954 3272 2023 3317 curii

400 3335 480 3398 1207
503 3335 681 3399 commutati
704 3332 852 3397 rationem
876 3341 1063 3410 statuemus,
1087 3342 1120 3398 ut
1138 3343 1192 3399 eut
1212 3355 1229 3398 a
1251 3335 1308 3399 scri
1331 3335 1448 3399 toribus
1470 3335 1624 3400 annalium
1647 3334 1765 3399 initium
1789 3335 1858 3398 anni
1880 3335 1962 3399 varie
1984 3336 2026 3399 sit

397 3427 620 3504 computatum,
637 3417 786 3501 (videlicet
801 3419 838 3482 ab
854 3417 919 3481 aliis
934 3419 1047 3503 raigeri
1066 3440 1151 3484 more
1167 3440 1183 3482 a
1199 3418 1276 3484 sesto
1292 3355 1556 3494 circumcisionis,
1578 3419 1626 3483 die
1642 3419 1739 3502 primo
1756 3417 1866 3484 mensis
1879 3417 2025 3492 Januarii;

357 3517 362 3525 ’
397 3503 435 3566 ab
452 3503 537 3580 eliis,
559 3504 619 3566 ritu
631 3495 837 3566 'aecclesiastico
853 3501 910 3564 iliis
925 3503 1113 3581 temporibus
1134 3501 1266 3578 usitato,
1288 3523 1305 3564 a
1321 3501 1400 3567 festo
1421 3500 1639 3566 incarnationis
1662 3501 1774 3565 domini
1790 3501 1839 3564 die
1853 3497 1895 3565 25
1911 3501 2023 3566 mensis

396 3585 511 3662 Martii,
525 3587 563 3652 ab
574 3587 636 3649 eiiis
648 3587 790 3670 denique,
805 3584 974 3651 aCaleri'dis
987 3585 1224 3671 Septembribus)
1239 3592 1292 3648 aut
1303 3585 1407 3649 Pisana
1422 3586 1616 3669 computandi
1629 3585 1707 3650 ratio
1719 3605 1789 3651 cum
1800 3585 1974 3650 Florentiae
1984 3585 2024 3649 sit
2045 3606 2053 3642 s

304 3725 312 3732 ,
396 3679 591 3736 commutata.
634 3669 708 3734 Utut
727 3669 781 3742 sit,
811 3669 853 3733 ita
870 3677 940 3732 eunt
963 3670 992 3734 iii
1015 3670 1072 3734 bac
1094 3669 1195 3735 tabula
1217 3677 1325 3733 cuncte
1347 3677 1538 3752 comparata,
1565 3671 1658 3735 atde
1680 3669 1745 3755 ejus
1768 3667 1940 3734 authentica
1962 3667 2023 3734 [ide

396 3755 528 3820 dubitari
543 3762 681 3838 nequeat.
702 3752 834 3819 Nomina
871 3753 971 3818 uidem
987 3747 1122 3818 o'mnium
1139 3753 1362 3818 Canonicorum
1379 3753 1622 3820 cracoviensium
1640 3754 1770 3818 iudicare
1785 3752 1934 3826 videntur,
1950 3750 2021 3816 Cra-

397 3840 500 3904 coviae
516 3840 716 3921 conscriptam
733 3838 832 3902 fuisse.
849 3775 887 3901 ‘b'

396 3923 550 3989 Laurentii
564 3917 708 4008 Episcopi
723 3921 974 3996 Vretisinviensis,
995 3925 1044 3986 vix
1059 3921 1199 3991 ducenis
1214 3923 1325 4001 sinunt,
1346 3923 1451 4006 sigilis,
1474 3944 1553 4008 quie
1569 3943 1648 3986 nunc
1684 3921 1881 3995 asiderantur,
1896 3920 2022 4002 Episco-

397 4029 505 4096 porum
521 4006 622 4085 fuisse,
638 4007 834 4104 mediumque.
848 4007 942 4072 rubro
957 4006 1091 4072 funiculo
1107 4027 1273 4096 appensum
1289 4007 1515 4089 drcbiepiscopi
1532 4005 1723 4070 Gnesncnsis
1758 4003 1904 4088 Quinque
1919 4009 2023 4068 autem

396 4090 587 4158 sacerdotum
598 4100 699 4156 tantan
711 4091 864 4174 dignitatis
876 4099 1052 4166 conventus,
1064 4113 1130 4156 eam
1142 4091 1314 4176 opinionem
1327 4098 1437 4168 movet,
1448 4090 1507 4155 hoc
1516 4099 1655 4172 tempore
1667 4085 1830 4152 Cracoiiae
1840 4085 2021 4151 celebratam

397 4177 490 4242 fuisse
504 4176 652 4260 synodum
668 4175 765 4250 iliam,
789 4175 818 4238 in
855 4195 893 4238 ua
909 4177 1169 4258 componebantur
1184 4175 1249 4239 iites
1259 4175 1322 4260 jam
1340 4173 1454 4238 dudum
1471 4180 1595 4236 exortae
1611 4173 1689 4235 inter
1709 4171 1873 4235 Hauricum
1897 4169 2022 4235 Archia·

397 4263 555 4346 piscopum
577 4268 608 4323 et
630 4258 814 4324 Viadisiaom
833 4195 953 4324 inanem
977 4259 1158 4342 cognomine
1173 4259 1390 4342 ‚,Lisi0nogi”‚
1412 4256 1669 4340 capiebanturque
1684 4255 1808 4321 consitis
1823 4255 1861 4319 da
1877 4252 2021 4318 mutanda

397 4346 543 4412 ecciesiae
555 4344 717 4408 Potonicae
728 4342 834 4410 forma.
851 4363 886 4407 ac
898 4343 1059 4426 praecipue
1070 4343 1108 4408 de
1120 4341 1351 4420 condemnando
1366 4341 1557 4406 sacerdotum
1573 4341 1769 4406 matrimonio
1785 4339 1862 4422 (Vid.
1877 4338 2020 4420 Dtugoss.

396 4429 448 4494 vi.
460 4428 532 4492 624.
548 4427 592 4493 Cf.
608 4427 815 4493 Noniszewicz
827 4427 904 4490 Hist
913 4428 946 4490 Τ.
957 4427 1007 4490 iv.
1021 4448 1048 4510 p.
1063 4427 1132 4491 110.
1145 4425 1192 4491 ed
1206 4429 1333 4491 Mostov.
1343 4432 1376 4488 et
1385 4423 1494 4510 Repeti
1504 4423 1674 4488 Gesciiicbtc
1684 4425 1794 4490 Peleos
1805 4444 1831 4506 p.
1841 4421 2021 4496 tie-421,

328 4537 332 4544 ·
397 4513 532 4596 inprimis
547 4521 649 4577 autem
666 4512 812 4596 epistotae
826 4511 994 4592 iunocentii
1010 4513 1052 4575 ΙΙΙ
1066 4512 1105 4574 ab
1122 4511 1157 4574 iis
1173 4509 1298 4607 citatae).
1334 4508 1426 4587 Quod
1449 4508 1487 4572 ad
1511 4509 1612 4576 Viturii
1635 4510 1819 4593 Episcopum
1841 4506 2020 4569 Pinnensem

396 4601 513 4672 attinet,
528 4596 566 4661 dc
582 4616 619 4660 eo
634 4597 726 4661 vetuti
742 4596 832 4660 etiarn
848 4605 912 4660 tum
928 4596 1047 4660 vivente
1062 4615 1163 4658 sermo
1179 4615 1245 4659 essa
1259 4592 1387 4664 videtur,
1409 4592 1491 4657 unde
1506 4593 1693 4692 conjicimus,
1709 4609 1824 4656 errasse
1839 4588 2020 4652 Lubienium

397 4681 495 4765 (Vitae
509 4681 673 4766 Episcopp.
689 4681 824 4745 Piocens.
846 4679 926 4764 Opp.
943 4687 1074 4765 postum.
1091 4699 1118 4760 p.
1135 4677 1216 4761 334).
1259 4678 1289 4742 ui
1306 4697 1376 4742 eum
1389 4678 1452 4764 jam
1468 4697 1625 4762 superiore
1641 4695 1719 4739 anno
1734 4673 1838 4757 (1206)
1854 4672 2021 4738 decessisse

395 4767 496 4830 tradit
527 4767 591 4830 Nec
606 4785 641 4829 ex
657 4785 704 4840 eo,
719 4763 801 4850 quoii
817 4765 998 4849 Dtugossius
1011 4765 1068 4828 sub
1083 4784 1161 4828 nnnc
1182 4699 1259 4828 iuti
1277 4762 1314 4827 de
1330 4761 1603 4847 septemdecennaii
1619 4759 1684 4844 ejus
1700 4757 1884 4824 successoris
1899 4755 2020 4821 Gestari

366 4847 372 4862 “
397 4849 553 4915 functione
569 4858 678 4927 namet,
695 4870 778 4914 mors
793 4850 854 4914 Viti
871 4850 908 4913 ad
925 4869 1037 4913 annum
1058 4841 1137 4912 1206
1153 4848 1279 4913 omnino
1295 4846 1398 4913 reterri
1415 4847 1514 4911 debet
1818 4940 1835 4993 3

889 3839 976 3902 erbe:
992 3838 1064 3914 „boc
1079 3859 1155 3923 opus
1169 3839 1371 3902 misericordie
1381 3839 1497 3922 sectum
1510 3850 1572 3902 tom
1586 3839 1677 3902 solem
1697 3837 1791 3902 nitcd'
1807 3844 1838 3901 et
1852 3835 2023 3920 praesentio
2120 3879 2127 3888 -
