4780 5922
1076 763 1351 840 -lll-

395 968 465 1055 lrui
484 959 648 1055 debeant
668 979 707 1051 et
724 965 907 1084 gaudere.
961 965 1125 1082 Propter
1146 963 1248 1086 quod
1270 967 1401 1073 etiam,
1430 979 1471 1054 ut
1490 966 1723 1084 sepedictum
1744 969 1914 1088 opidum,
1941 1001 2025 1060 oum

394 1087 488 1174 villis
508 1099 547 1172 et
566 1084 795 1172 libertatibus
816 1081 1075 1172 adiacentibus
1096 1085 1238 1190 eidem,
1265 1085 1413 1202 possint
1433 1084 1592 1172 celerius
1612 1091 1814 1205 restaurari
1837 1104 1875 1176 et
1894 1089 2024 1211 locarj,

393 1218 584 1293 omnes-et
602 1201 774 1320 singulos
794 1203 939 1290 incolas
959 1201 1198 1308 eorumdem,
1228 1201 1279 1288 ab
1300 1203 1471 1291 omnibus
1486 1202 1637 1321 judiciis
1657 1203 1926 1321 palatinorum,
1958 1236 2023 1294 ca·

394 1321 646 1426 atellanorum,
659 1317 837 1436 judicum,
854 1319 1099 1426 sub'udicum,
1116 1319 1404 1408 ministerialium
1420 1350 1570 1439 quoque
1585 1336 1767 1438 perpetuo
1783 1323 1975 1412 eximimus
1988 1341 2025 1412 et
2117 1403 2123 1416 .

393 1441 505 1527 etiam
525 1438 736 1543 liberamus,
757 1438 807 1523 ita
829 1351 936 1557 quod
947 1467 1075 1526 coram
1092 1440 1183 1556 ipsis
1198 1437 1259 1525 vel
1275 1467 1405 1525 eorum
1421 1437 1545 1556 aliquo
1561 1436 1796 1558 respondere
1811 1440 2022 1532 nullatenus

392 1568 599 1663 teneantur,
629 1553 699 1642 nisi
720 1555 930 1663 advocatus
951 1571 1015 1644 aut
1035 1557 1182 1644 sculteti
1202 1557 1471 1674 premissamm
1491 1556 1660 1644 villarum
1682 1585 1812 1645 coram
1832 1558 2022 1656 nobisvel
2085 1572 2092 1585 “

384 1669 528 1791 judicio
549 1686 692 1778 nostro,
714 1672 802 1758 dum
823 1686 949 1760 mmen
967 1704 1034 1790 per
1049 1675 1203 1781 literam,
1226 1687 1355 1762 nostro
1371 1673 1493 1793 sigillo
1510 1675 1697 1779 munitam,
1718 1677 1864 1764 evocati
1879 1675 2022 1783 fuerint,

390 1808 480 1880 tunc
509 1819 579 1878 suo
604 1792 691 1907 jure
717 1790 933 1880 theutonico
953 1793 1004 1879 de
1023 1821 1068 1881 se
1088 1792 1366 1908 querelantibus
1386 1792 1475 1905 (sic)
1495 1791 1788 1908 respondebunt
1838 1791 2020 1880 Kmetbo·

388 1939 458 1998 nes
478 1937 587 2014 vero,
616 1937 701 1996 eum
723 1937 853 1996 eorum
874 1910 1020 1999 sculteti
1051 1911 1086 1997 in
1107 1908 1303 1997 reddenda
1316 1911 1467 2027 justicia
1488 1911 1622 1996 luerint
1641 1911 1899 2030 negligentes,
1932 1924 2022 2000 tunc

378 2049 459 2144 'per
488 2055 596 2114 suum
625 2025 814 2114 dominum
829 2026 1116 2143 judicabuntur,
1147 2041 1258 2145 prout
1287 2029 1454 2144 ipsorum
1478 2027 1543 2143 jus
1574 2027 1824 2115 theutonicum
1855 2028 2021 2145 postulat
2114 2022 2119 2036 ’

387 2161 425 2234 ct
448 2146 610 2265 requirit
664 2143 766 2232 Inter
795 2145 868 2233 alia
898 2145 999 2233 dicto
1029 2145 1180 2232 domino
1196 2145 1372 2232 iohanni
1402 2138 1571 2233 levorem
1600 2143 1772 2234 volentes
1804 2143 2021 2263 impendere

387 2264 610 2380 specialem,
652 2292 784 2350 omnes
821 2279 858 2350 et
878 2258 1059 2382 singulos
1089 2263 1234 2350 incolas
1269 2261 1357 2350 dicti
1397 2269 1674 2350 Itzessomimsis
1709 2262 1917 2368 districtus,
1958 2263 2020 2352 illa
2082 2276 2085 2283 ‘

387 2381 559 2500 gaudere
576 2380 762 2467 'volumus
792 2380 980 2485 libertate,
1012 2409 1124 2498 quam
1155 2408 1179 2465 a
1209 2381 1319 2467 nobis
1347 2379 1488 2466 babent
1517 2379 1664 2466 sculteti
1695 2380 1730 2466 in
1750 2380 1845 2467 villis
1859 2382 2020 2468 noviter
2085 2374 2110 2468 t,-

384 2499 541 2604 locatis,
582 2497 670 2584 dum
701 2497 799 2585 idem
831 2497 1032 2584 dominium
1064 2498 1267 2601 tenuimus,
1335 2497 1499 2614 erpetuis
1530 2497 1759 2613 temporibus
1791 2513 2017 2586 concessam

383 2615 602 2704 libertatem.
642 2615 685 2701 ln
706 2615 813 2730 cujus
834 2616 888 2701 rei
909 2615 1158 2702 testimonium
1179 2627 1217 2700 et
1236 2527 1468 2702 evidenoiam
1490 2613 1698 2721 clariorem,
1719 2628 1916 2731 presentes
1933 2613 2017 2703 dari

383 2735 541 2821 lecimus
572 2732 691 2820 nostri
722 2731 834 2851 sigilli
854 2733 1053 2820 munimine
1073 2730 1288 2820 roboratas.
1337 2731 1472 2819 Actum
1507 2733 1706 2833 Crocouie,
1738 2730 1797 2820 die
1817 2730 2016 2839 dominica,

384 2881 459 2970 qua
501 2865 673 2938 cantatur
713 2851 834 2936 omnis
869 2865 990 2955 terra,
1029 2847 1131 2937 anno
1166 2849 1360 2936 millesimo
1400 2850 1662 2937 trecentesimo
1702 2851 1789 2967 quin
1844 2852 2016 2973 agesimo

384 2983 532 3080 quarto.
582 2967 829 3054 Presentibus
856 2966 915 3056 bis
942 2967 1118 3055 testibus:
1155 2966 1331 3054 iohanne
1356 2967 1543 3083 palatino,
1578 2965 1763 3054 Vilczone
1830 2967 2016 3055 astellano

384 3084 771 3191 Sandomiriensibus,
801 3081 1009 3172 Eustochio
1039 3081 1276 3192 Lublinensi,
1307 3085 1496 3172 Stanislao
1526 3083 1806 3203 Malogostensi
1829 3083 2014 3172 Castalia·-

382 3203 452 3310 nis,
477 3200 635 3290 Andrea
655 3201 955 3307 Succamerario,
976 3203 1093 3291 Petro
1115 3201 1261 3290 tribuno
1285 3201 1611 3304 Craooviensibus
1624 3215 1672 3288 et
1691 3201 1774 3319 alijs
1795 3202 1917 3290 multis
1937 3200 2015 3288 fide

382 3317 518 3440 dignis.
558 3319 697 3410 Datum
717 3349 940 3440 parmenus
961 3319 1099 3408 domini
1120 3319 1279 3440 Sbignei
1300 3318 1524 3435 Cancellarij
1548 3317 1827 3442 Cracoviensis.

1134 3633 1268 3748 otttt.

473 3877 546 4023 lic
570 3901 712 3988 villu
739 3901 993 4006 scorteu,
1019 3918 1176 3987 ummo
1201 3897 1347 4038 1355
1374 3900 1425 3986 et.
1451 3899 1516 3985 11
1540 3923 1611 3986 m.
1627 3861 1628 3866 Ν
1642 3901 1914 3988 octobris.
1991 3951 1995 3958 ·

377 4105 689 4180 wladislaus
701 4105 771 4178 oux
784 4105 929 4202 cuiun
945 4104 1124 4179 sonuum
1138 4105 1170 4176 in
1183 4103 1260 4177 rtttu
1275 4107 1432 4188 diacone·
1446 4102 1558 4192 etun,
1577 4101 1699 4176 cuturn
1712 4101 1843 4177 ltcoluo
1859 4103 2008 4178 mtlutcu

835 4207 875 4279 ab
891 4204 1033 4322 omnibus
1048 4204 1256 4300 solutoribus
1270 4203 1398 4279 liberm
1411 4201 1488 4277 lectt
1503 4205 1552 4288 (¹).

477 4428 521 4515 ln
546 4427 694 4518 nomine
714 4425 871 4532 domini,
892 4454 1014 4512 amen.
1066 4426 1269 4513 Gestorum
1289 4426 1384 4543 perit
1404 4423 1584 4513 memoria
1604 4437 1843 4530 cunctomm,
1875 4425 1908 4512 si
1929 4455 2005 4514 non
2116 4437 2118 4444 ’

291 4639 299 4654 ,
377 4546 533 4635 testibus
553 4543 746 4654 veridicis,
767 4557 805 4633 et
825 4543 974 4661 scriptis
994 4542 1151 4659 publicis
1172 4540 1403 4630 denotentur.
1457 4540 1576 4662 igitur
1593 4555 1723 4630 notum
1742 4542 1792 4630 sit
1810 4541 2006 4647 uniuersis,

477 4791 516 4877 (Ι)
545 4793 593 4859 Ex
614 4791 774 4878 archetypo
796 4793 1030 4858 membranaceo
1051 4789 1107 4857 ΝΜ
1125 4789 1206 4857 1105
1224 4789 1430 4857 Varsuriensis
1444 4789 1584 4856 tabularii
1598 4787 1709 4874 publici
1729 4788 1826 4872 Regni
1847 4787 2003 4855 Poloniue.

379 4875 518 4962 Sigillum
541 4895 707 5009 appensum
730 4877 760 4943 in
776 4875 911 4945 funiculo
932 4877 1027 4942 scrico
1049 4875 1156 4942 coloris
1177 4874 1262 4941 rubri
1283 4873 1376 4942 babet
1395 4875 1427 4941 in
1442 4893 1550 4959 cumpo
1569 4874 1601 4939 in
1616 4871 1740 4939 modum
1754 4871 1876 5028 tabpptpo
1889 4873 2001 4942 tetrum.
