4800 5942
1121 609 1163 752 g
1216 696 1292 771 ³20
1329 681 1390 750 ·-

1108 941 1381 1076 ¹euulu'uu.

501 1183 724 1285 'nonme
751 1195 834 1295 (in
860 1193 1208 1276 monasterio
1236 1193 1288 1277 S.
1315 1175 1542 1307 Maroae
1569 1190 1989 1302 Moydotenae),

720 1333 876 1400 anno
901 1311 1053 1396 1449
1082 1311 1133 1395 d.
1160 1307 1240 1394 29
1267 1308 1468 1395 memmi
1492 1312 1785 1440 dammandi.

449 1485 647 1576 commu
660 1480 804 1559 Petra
817 1469 994 1573 trienno
1006 1479 1166 1552 unroco
1182 1478 1212 1551 s.
1226 1448 1341 1550 amn
1354 1478 1555 1568 mimum
1573 1482 1666 1554 nnn
1679 1497 1785 1568 min
1798 1481 1977 1573 nm
1989 1503 2053 1580 p„

601 1583 807 1678 disponuntur
819 1582 948 1656 11111111
962 1580 1157 1654 soldorum
1168 1580 1204 1652 111
1216 1579 1293 1654 villa
1306 1581 1478 1648 Brcnielum
1492 1596 1639 1657 unacum
1654 1581 1832 1674 wopjm
1846 1585 1897 1670 (¹).
1977 1578 2010 1694 ’.ι

534 1773 747 1863 lnnomine
769 1773 929 1877 domini,
960 1800 1080 1856 amen.
1131 1768 1233 1884 Quia
1253 1772 1414 1856 omnium
1442 1797 1569 1854 rerum
1599 1771 1707 1856 simul
1739 1801 1823 1857 cum
1854 1772 2065 1865 bominibus

434 1895 570 1982 labitur
590 1921 613 1978 a
635 1893 814 1979 memoria
835 1890 939 2001 (sic),
971 1889 1082 2006 igitur
1102 1914 1172 1974 nos
1193 1887 1348 1991 Petrus,
1380 1885 1505 1974 diuina
1526 1889 1660 2005 gracia
1682 1887 1903 2006 Propositus
1924 1890 2067 1982 Sancte

376 2084 380 2091 .
435 2011 556 2098 lllarie
572 2007 803 2129 Magdalene
819 2021 924 2093 extra
941 2035 1069 2093 muros
1082 2003 1304 2112 PloccnseS,
1320 2002 1862 2112 Ordinis*premonstratensis,
1879 2037 2066 2128 recogno-

435 2131 575 2218 scimus
607 2141 738 2213 tenore
769 2124 1025 2242 presencium,
1057 2122 1191 2241 quibus
1212 2117 1364 2238 expedit
1385 2121 1588 2208 uniuersis:
1621 2121 1795 2236 Qualiter
1815 2140 1853 2211 et
1873 2126 2064 2244 quomodo

433 2246 652 2333 ordinamus
683 2257 720 2328 et
751 2240 1031 2331 concordamus
1051 2270 1135 2326 cum
1156 2241 1295 2328 nostris
1313 2238 1550 2328 kmetonibus
1571 2234 1620 2326 de
1639 2245 1839 2354 Brcnpstu
1860 2243 1963 2354 (sic),
1995 2275 2065 2361 pro

434 2363 606 2452 omnibus
627 2361 818 2450 laboribus
839 2374 875 2447 et
894 2357 1072 2445 reditibus
1089 2356 1255 2445 eiusdem
1270 2357 1368 2466 ville,
1388 2356 1581 2476 quomodo
1602 2369 1640 2444 et
1655 2357 1744 2477 quid
1761 2357 1899 2447 debent
1913 2360 2065 2452 soluere

434 2482 675 2570 allaborare.
725 2479 875 2586 Primo,
902 2475 1003 2595 quod
1025 2474 1182 2595 predicti
1202 2475 1398 2563 kmetones
1419 2475 1468 2560 de
1489 2473 1588 2562 dicta
1608 2475 1695 2562 villa
1715 2482 1939 2589 Bronyslcw
1958 2493 2064 2568 tenc·

434 2599 570 2686 buntur
591 2595 729 2682 eollere
750 2595 833 2708 (sic)
855 2624 903 2680 ex
922 2607 1003 2682 toto
1024 2608 1190 2680 nostrum
1208 2591 1392 2711 predium,
1423 2593 1503 2680 sine
1525 2594 1624 2679 omni
1645 2607 1775 2682 nostra
1796 2623 1904 2699 cura,
1927 2609 1964 2680 et
1984 2597 2089 2688 sine-

360 2717 363 2728 “
435 2715 537 2801 omni
568 2723 698 2799 nostra
729 2711 993 2830 opposicione,
1024 2726 1061 2798 et
1081 2710 1161 2797 sine
1192 2712 1331 2798 uostris
1362 2711 1539 2825 expansis
1563 2709 1657 2824 (sic).
1708 2709 1838 2797 Eciam
1861 2709 1957 2797 idem
1979 2715 2064 2824 (sic)

434 2828 558 2918 incole
579 2828 747 2916 eiusdem
767 2829 870 2932 ville,
899 2829 1120 2916 tenebuntur
1139 2829 1249 2915 uobis
1270 2843 1307 2914 et
1326 2829 1555 2916 monasterio
1576 2840 1718 2934 nostro,
1738 2827 1836 2914 diem
1857 2829 2064 2917 neutralem

433 2948 621 3052 laborare,
643 2959 680 3033 et
694 2947 769 3034 hoc
784 2945 846 3033 tali
862 2945 1094 3034 condicione:
1115 2943 1218 3064 quod
1235 2943 1283 3032 de
1299 2944 1448 3032 duobus
1464 2947 1626 3034 manssis
1642 2946 1724 3058 (sic)
1745 2973 1827 3032 eum
1845 2973 1921 3032 uno
1937 2963 2065 3038 aratro
2205 2975 2211 2992 ·

309 3135 312 3140 .
433 3065 668 3153 laborabunt.
711 3063 843 3153 Eciam
864 3064 1023 3182 predicti
1043 3062 1265 3151 kmethones
1287 3061 1384 3151 dicte
1405 3063 1508 3168 ville,
1541 3063 1763 3150 tenebuntur
1784 3061 1893 3154 nobis
1915 3065 2066 3153 soluere

434 3213 546 3269 unam
567 3211 800 3318 sexagenam
822 3185 986 3268 cureutis
1008 3181 1090 3292 (sic)
1148 3182 1279 3268 ecunie
1299 3182 1349 3267 ad
1371 3182 1510 3268 lestum'
1534 3181 1664 3267 Sancti
1693 3179 1845 3270 lllartiui
1867 3181 1962 3270 sicut
1981 3189 2064 3270 mos

435 3301 603 3386 terestris
631 3299 712 3410 (sic)
745 3315 813 3386 cst.
871 3297 999 3386 Eciam
1030 3213 1145 3418 predi

434 3416 543 3504 nobis
570 3429 607 3503 et
626 3444 696 3533 pro
722 3432 854 3505 nostro
886 3418 1113 3505 monasterio
1143 3418 1271 3503 lacere
1302 3446 1414 3503 uuam
1445 3416 1579 3502 dictem
1611 3415 1694 3525 (sic)
1726 3419 1762 3504 iu
1796 3421 1962 3518 Tlorun,
2019 3445 2063 3506 ro

435 3563 660 3654 quacunque
689 3550 819 3623 nostra
840 3537 1065 3624 necessitate
1085 3549 1122 3622 et
1141 3532 1216 3621 hoc
1237 3534 1354 3621 semel
1376 3535 1411 3620 in
1432 3563 1543 3620 anno.
1594 3533 1772 3620 Similiter
1791 3533 1879 3621 dicti
1899 3447 2065 3624 kmetlro·

433 3677 503 3737 nes
524 3650 747 3736 tenebuntur
767 3651 874 3737 aliam
887 3651 1032 3739 'dictem
1053 3653 1199 3764 lacere,
1221 3678 1291 3770 pro
1312 3679 1549 3773 quocumque
1571 3681 1731 3740 necesse
1751 3652 1876 3754 luerit,
1898 3654 2066 3770 equitare
2173 3719 2175 3722 -

434 3771 470 3853 iu
501 3773 639 3852 Breslt
668 3767 750 3875 (sic)
782 3783 821 3852 et
849 3767 898 3852 ad
932 3773 1209 3869 Wadt'slouium,
1241 3798 1312 3884 pro
1339 3794 1575 3886 quocumque
1596 3799 1756 3856 necesse
1775 3769 1902 3874 luerit,
1934 3783 1970 3854 et
1990 3769 2064 3858 hoc

433 3881 484 3970 ad
513 3882 714 3969 adventum
751 3881 890 3968 domini
925 3887 1116 3999 prepositi.
1176 3883 1308 3971 Eciam
1339 3885 1411 3969 iam
1443 3883 1530 3970 dicti
1565 3883 1735 4004 agricole
1771 3881 1908 3972 debent
1942 3884 2063 3990 nobiS,

433 4013 471 4087 et
492 4014 624 4090 nostro
646 4001 894 4108 monasterio,
926 4014 1095 4086 nostrum
1125 4001 1174 4086 ad
1204 4001 1469 4090 monasterium
1501 4003 1535 4087 in
1568 4007 1684 4088 Ploele
1714 4001 1851 4088 ducere
1880 4029 2064 4118 capones,

434 4116 542 4202 simul
562 4132 599 4203 et
619 4148 693 4205 oua
713 4117 764 4204 ad
784 4119 917 4204 lestum
934 4145 1062 4232 pasce,
1083 4119 1182 4208 omni
1198 4147 1297 4205 anno
1314 4121 1395 4208 siue
1411 4111 1711 4236 dillacionelsic).
1741 4115 1873 4211 Eciam
1889 4117 2064 4207 dominus

341 4271 351 4305 ι
432 4235 646 4350 prepositus
668 4234 780 4323 debet
800 4238 973 4351 proibere
993 4233 1076 4346 (sic)
1097 4236 1175 4322 suis
1197 4236 1394 4342 amulonis,
1424 4250 1558 4323 utnon
1580 4235 1683 4342 alibi,
1713 4238 1782 4326 nisi
1805 4238 1841 4323 in
1862 4237 1965 4322 curia
1985 4263 2062 4326 me·
2134 4255 2140 4263 ’

433 4362 572 4456 terent,
609 4353 669 4438 ubi
701 4353 836 4440 uellent
866 4353 924 4440 uel
956 4354 1154 4472 innostro
1186 4383 1304 4474 agro,
1340 4355 1400 4439 uel
1431 4355 1466 4439 in
1499 4367 1660 4472 quatuor
1689 4356 1852 4460 mansis,
1887 4355 2064 4466 quisunt
2096 4445 2100 4453 ,

434 4484 540 4555 extra
571 4483 740 4558 nostrum
770 4468 950 4588 predium.
1012 4468 1071 4558 Ne
1102 4484 1225 4559 autem
1258 4469 1344 4558 dicti
1376 4470 1497 4558 incole
1528 4487 1628 4559 retro
1665 4467 1836 4558 habirent
1863 4469 1969 4590 (sic),
2004 4465 2063 4557 ucl

536 4718 546 4799 l
552 4718 577 4801 ¹)
605 4717 653 4784 Ex
674 4717 839 4803 archetypo
862 4719 1094 4788 membranaceo
1108 4719 1314 4788 Varsariensis
1329 4719 1469 4786 tabularii
1484 4721 1595 4805 publici
1617 4721 1662 4789 Re
1685 4719 1714 4785 ni
1737 4718 1883 4788 Polcniae
1907 4717 1961 4784 llro
1984 4715 2065 4784 1111

436 4797 631 4886 descriptum.
666 4801 803 4887 Sigillum
824 4819 949 4886 parvum
964 4803 1095 4870 tuemolu
1109 4823 1291 4890 pergamena
1308 4823 1485 4890 appensum,
1499 4806 1620 4888 penitus
1636 4741 1777 4872 ddlmum.

1139 3300 1187 3385 cti
1218 3299 1340 3386 incole
1370 3328 1462 3416 sepe
1494 3300 1680 3386 nominate
1709 3295 1813 3404 ville,
1843 3295 2065 3388 tenebuntur
2204 3375 2205 3382 i
