4780 5922
1031 749 1305 820 -tttt-

355 951 550 1067 sanctique
580 946 725 1034 Thome
746 945 794 1032 de
814 951 973 1033 Sutec'ow
994 947 1204 1062 fratresque
1227 948 1488 1037 Cistersiensis
1510 947 1651 1037 ordinis
1671 949 1806 1037 ibidem
1828 939 1980 1039 domino

353 1068 562 1156 servientes
583 1065 715 1151 lavore
735 1065 890 1180 speciali
912 1062 1130 1170 dilexerunt,
1153 1095 1280 1153 eorum
1303 1069 1374 1184 pijs
1394 1067 1565 1184 vestigijs
1586 1068 1758 1153 inherere
1775 1069 1981 1187 cupientes,

354 1200 393 1272 ut
412 1182 580 1270 eiusdem
602 1181 738 1290 domus
757 1181 892 1269 lratres
923 1183 958 1269 in
978 1183 1138 1272 futurum
1159 1182 1309 1270 liberius
1340 1196 1378 1268 et
1397 1185 1521 1303 magis
1552 1184 1711 1301 pacifice
1739 1187 1981 1303 omnipotenti

353 1301 428 1390 deo
448 1299 599 1388 valeant
618 1298 836 1405 deservire,
867 1301 1092 1390 conferimus
1113 1300 1256 1396 Abbati
1276 1301 1443 1419 predicte
1464 1303 1599 1391 domus
1621 1302 1826 1420 Capellano
1848 1319 1981 1392 nostro

352 1419 533 1538 spirituali
552 1416 660 1505 villas
690 1415 910 1504 indominio
936 1433 1067 1506 nostro
1089 1420 1200 1524 silas,
1232 1420 1404 1524 videlicet
1428 1424 1588 1522 Geram,
1622 1426 1841 1519 Ριιοίηοωο,
1877 1423 1980 1508 Cone
2016 1457 2023 1469 ·

344 1531 504 1651 pom(²)
526 1565 610 1622 cum
631 1549 711 1622 toto
733 1533 901 1622 districtu
923 1568 1014 1642 suo,-
1045 1551 1157 1656 prout
1188 1549 1274 1624 sunt
1305 1540 1416 1624 certis
1443 1539 1549 1624 metis
1582 1553 1618 1624 et
1638 1537 1801 1656 gadibus
1820 1539 1980 1642 limitate,
2092 1601 2096 1610 -

352 1654 481 1744 locare
508 1652 643 1742 eodem
668 1653 748 1755 iure
779 1651 1034 1762 Teuthonico,
1066 1652 1238 1745 videlicet
1268 1657 1348 1742 iure
1379 1652 1567 1760 Novilori,
1600 1684 1675 1772 quo
1696 1669 1826 1744 nostra
1849 1657 1981 1744 civitas

349 1770 556 1860 Lancbicia
577 1787 778 1892 ceteroque
800 1771 970 1860 civitates
989 1772 1278 1862 Teuthonicales
1298 1787 1399 1860 terre
1418 1787 1548 1860 nostre
1563 1785 1650 1860 sunt
1664 1772 1798 1862 locate.
1827 1771 1980 1862 Incolae

300 1893 304 1898 ’
352 1903 478 1976 autem
507 1887 760 2007 predictarrun
786 1888 1033 1978 hereditatum
1065 1906 1102 1978 et
1122 1889 1310 1996 villarum,
1339 1892 1600 2007 cujuscunque
1621 1891 1789 1978 nacionis
1809 1891 1881 1980 sint
1900 1893 1981 1980 sive

322 2115 325 2122 Δ
350 2008 462 2112 artis,
493 2005 725 2101 absolvimus
753 2007 1033 2126 inperpetuum
1064 2007 1115 2096 ab
1147 2008 1317 2096 omnibus
1337 2009 1609 2126 polonicalibus
1630 2008 1885 2099 solucionibus
1906 2011 1979 2096 iam

223 2189 226 2196 ,
352 2124 590 2224 emersisvel
610 2124 825 2212 infuturum
847 2124 1108 2244 emergendiS,
1129 2121 1447 2244 qualitercumque
1468 2120 1725 2232 nominentur,
1754 2121 1860 2238 et'ab
1877 2129 1981 2234 ¹otnni

350 2243 441 2360 iugo
463 2241 660 2348 tributarie
674 2242 884 2347 servitutis,
916 2272 1142 2361 quocunque
1161 2242 1348 2329 vocabulo
1370 2259 1579 2330 censeatur.
1624 2242 1687 2328 nd
1708 2258 1837 2334 castra
1856 2259 1980 2332 autem

348 2357 536 2448 firmanda
565 2358 627 2450 vel
658 2357 872 2473 reparanda
903 2390 1092 2478 nunqnam
1122 2359 1176 2446 ire
1207 2360 1496 2476 compellentur,
1527 2391 1599 2448 nec
1623 2361 1672 2447 od
1694 2361 1979 2478 expedicionem

260 2517 271 2538 ·
349 2475 512 2594 aliquam
543 2477 597 2562 ire
627 2475 870 2582 tenebuntur,
907 2477 977 2582 nisi
1013 2508 1097 2563 cum
1133 2506 1232 2594 gens
1262 2477 1398 2580 aliena
1415 2479 1597 2566 hostiliter
1631 2479 1808 2566 invaserit
1842 2493 1981 2564 terram

349 2609 538 2700 nostram;
568 2622 641 2679 nec
660 2591 711 2679 ad
731 2594 889 2681 alicuius
908 2593 1067 2682 Palatini
1088 2595 1148 2680 vel
1172 2593 1375 2682 Castellani
1394 2595 1455 2682 vel
1476 2595 1628 2682 alterius
1656 2594 1802 2682 iudicis
1822 2592 1979 2685 audien-

349 2711 445 2805 ciam
465 2709 783 2828 provocabuntur,
804 2713 873 2801 nisi
894 2725 1074 2816 nostram,
1096 2741 1180 2798 cum
1194 2711 1322 2828 littera
1344 2725 1475 2828 nostro
1492 2705 1618 2832 sigillo
1634 2711 1807 2831 sigillata,
1829 2709 1980 2829 semper

348 2842 387 2914 et
404 2828 544 2946 ubique
564 2829 644 2915 iure
665 2826 898 2916 Teuthonico
920 2827 1127 2935 iudicandi3
1153 2825 1343 2915 aliomodo
1366 2830 1466 2918 citati
1486 2859 1674 2948 nunquam
1696 2859 1780 2916 com
1809 2828 1992 2916 arebant·

349 2945 499 3034 Causas
521 2975 673 3063 quoque
693 2946 823 3060 quein
844 2947 997 3064 prelatis
1018 2945 1283 3062 hereditatibus
1314 2977 1382 3063 per
1407 2976 1652 3066 quoscunque
1683 2951 1722 3032 et
1740 2859 1835 3034 vitiis
1857 2977 1978 3034 emer-

349 3064 477 3168 serint,
496 3063 557 3168 vel
578 3092 647 3180 per
667 3062 897 3152 habitatores
915 3063 1120 3154 earundem
1136 3065 1371 3182 contigerint,
1392 3065 1473 3152 sive
1489 3065 1719 3152 sentenciam
1735 3063 1878 3183 capide,
1899 3065 1980 3152 sive

348 3178 592 3299 suspendium
614 3179 779 3299 exigant,
800 3182 881 3272 sive
901 3212 948 3282 ex
970 3183 1077 3287 lurto,
1098 3183 1180 3270 sive
1201 3213 1248 3282 ex
1268 3175 1480 3296 homicidio,
1504 3181 1649 3268 civilem
1668 3194 1733 3269 aut
1752 3181 1979 3271 criminalem

216 3367 218 3370 -
349 3299 591 3416 questionem,
604 3297 839 3402 contineant,
868 3299 1001 3388 Abbas
1027 3301 1107 3388 sive
1128 3297 1319 3412 Scoltetus
1341 3301 1401 3386 vel
1422 3297 1590 3404 Scolteti,
1609 3329 1710 3418 quos·
1726 3298 1824 3386 idem
1844 3299 1978 3388 Abbas

374 3445 420 3504 ro
440 3418 633 3505 voluntate
653 3447 724 3504 sua
743 3417 954 3524 instituerit,
985 3417 1098 3504 libere
1120 3415 1345 3517 iudicabunt,
1367 3416 1583 3510 soluciones
1603 3417 1758 3530 penales
1780 3417 1977 3531 recepturi.

347 3444 400 3620 l]
429 3534 516 3650 quia
546 3534 596 3619 ab
626 3533 978 3651 antiquepredicte
1008 3531 1236 3618 hereditates
1272 3562 1294 3616 a
1325 3531 1464 3618 nostris
1499 3530 1803 3649 progenitoribus
1834 3531 1991 3649 pretate

348 3647 476 3736 domui
496 3649 547 3752 de
566 3649 735 3738 Suleiow
756 3679 841 3747 cum
862 3649 1034 3754 omnibus
1054 3647 1267 3734 utilitatibus
1292 3662 1379 3734 sunt
1400 3674 1607 3755 concesse,
1638 3650 1710 3736 iam
1732 3648 1978 3768 peramplius

347 3767 469 3885 ipsum
500 3765 687 3855 Abbatem
712 3780 751 3873 et
771 3796 903 3856 omnes
924 3766 1156 3854 habitatores
1176 3765 1346 3856 villarum
1367 3765 1570 3854 earundem
1591 3767 1627 3853 in
1649 3765 1771 3871 silvis,
1801 3769 1839 3852 in
1858 3767 1978 3886 aquis,

347 3883 383 3970 in
405 3885 569 4002 campis,
600 3885 805 4002 inpratis,
823 3883 1111 3986 inmolendinis,
1133 3885 1169 3969 in
1188 3885 1367 4002 macellis,
1398 3886 1434 3970 in
1455 3885 1618 3972 tabernis
1640 3885 1699 3972 vel
1721 3884 1863 3971 artibus
1884 3880 1978 4004 alijs,

348 3997 387 4088 iri
406 4002 706 4117 piscacionibus,
735 4005 771 4088 in
792 4003 1073 4106 venacionibus,
1094 4003 1143 4089 uti
1165 4032 1234 4120 pro
1256 4031 1327 4088 sua
1346 4003 1537 4091 voluntate
1558 4006 1728 4119 cupimus
1750 4000 1920 4090 volumus
1941 4020 1980 4091 et

323 4117 530 4236 ¹gaudere.
562 4118 686 4232 Quod„
703 4135 743 4207 ut
756 4105 876 4209 ra'tum
898 4135 938 4206 et
950 4118 1095 4210 firmum
1118 4121 1154 4205 in
1171 4132 1391 4236 perpetuum
1408 4119 1601 4224 habeatur,
1622 4148 1788 4234 presens
1798 4121 1977 4235 scriptum

347 4235 459 4370 sigilli
489 4238 606 4322 nostri
636 4238 833 4323 munimine
855 4237 1028 4324 duximus
1049 4236 1297 4353 sigillandum.
1343 4234 1465 4322 Huius
1486 4236 1541 4320 rei
1562 4249 1678 4322 testes
1687 4251 1803 4324 sunt:
1827 4238 1977 4352 xComes

345 4351 574 4442 Dusicraios
603 4351 797 4442 Palatinus
827 4351 1134 4459 Lancbiciensis‚
1165 4353 1360 4440 lohannes
1384 4351 1663 4460 Cancellarius,
1696 4353 1821 4440 Seoeh
1840 4353 1975 4460 ludex,

262 4573 266 4578 .
308 4535 312 4541 -
346 4467 576 4558 Wseborius
597 4460 763 4587 Dapiler‚
785 4470 938 4558 Alexius
961 4471 1208 4577 Castellanus,
1230 4470 1430 4558 lohannes
1442 4467 1665 4588 prepositus
1680 4462 1973 4560 Lancbiciensis.

345 4585 486 4675 Datum
516 4589 552 4674 in
572 4593 785 4676 benedicio
814 4587 886 4675 sub
909 4616 1008 4678 anno
1040 4587 1178 4675 domini
1208 4586 1407 4676 Millesimo
1436 4588 1695 4676 ducenteSimo
1725 4589 1997 4706 nonagesimo'

346 4702 528 4810 secundo,
549 4706 585 4792 in
606 4705 669 4794 die
688 4706 816 4793 sancti.
827 4705 1012 4796 lobannis
1031 4704 1222 4823 Baptiste.

448 4885 484 4972 (¹)
513 4885 592 4952 Vide
606 4887 645 4953 ad
660 4887 793 4954 tabulam
809 4887 900 4971 paulo
916 4887 1040 4956 interius
1053 4887 1109 4956 Νιο
1125 4887 1276 4957 cxxxu.
1292 4888 1456 4978 exhibitam
1473 4883 1700 4956 annotationem
1715 4885 1895 5042 secppdam.
