<?xml version="1.0" encoding="UTF-8"?>
<!DOCTYPE html PUBLIC "-//W3C//DTD XHTML 1.0 Transitional//EN"
    "http://www.w3.org/TR/xhtml1/DTD/xhtml1-transitional.dtd">
<html xmlns="http://www.w3.org/1999/xhtml" xml:lang="en" lang="en">
 <head>
  <title>
</title>
<meta http-equiv="Content-Type" content="text/html;charset=utf-8" />
  <meta name='ocr-system' content='tesseract 3.04.00' />
  <meta name='ocr-capabilities' content='ocr_page ocr_carea ocr_par ocr_line ocrx_word'/>
</head>
<body>
  <div class='ocr_page' id='page_1' title='image "./codexdiplomatic02bartgoog_0097.png"; bbox 0 0 4788 5926; ppageno 0'>
   <div class='ocr_carea' id='block_1_1' title="bbox 1037 752 1318 827">
    <p class='ocr_par' dir='ltr' id='par_1_1' title="bbox 1037 752 1318 827">
     <span class='ocr_line' id='line_1_1' title="bbox 1037 752 1318 827; baseline 0.021 -6"><span class='ocrx_word' id='word_1_1' title='bbox 1037 752 1318 827; x_wconf 81' lang='lat'>-59-.</span> 
     </span>
    </p>
   </div>
   <div class='ocr_carea' id='block_1_2' title="bbox 279 923 1968 1192">
    <p class='ocr_par' dir='ltr' id='par_1_2' title="bbox 279 923 1968 1192">
     <span class='ocr_line' id='line_1_2' title="bbox 279 923 1968 1068; baseline -0.001 -31"><span class='ocrx_word' id='word_1_2' title='bbox 279 989 281 994; x_wconf 50' lang='lat'><strong><em>¹</em></strong></span> <span class='ocrx_word' id='word_1_3' title='bbox 350 949 547 1065; x_wconf 90' lang='lat' dir='ltr'>requisitus</span> <span class='ocrx_word' id='word_1_4' title='bbox 584 923 859 1064; x_wconf 87' lang='lat' dir='ltr'>respondebat,</span> <span class='ocrx_word' id='word_1_5' title='bbox 907 949 994 1068; x_wconf 89' lang='lat' dir='ltr'>quia</span> <span class='ocrx_word' id='word_1_6' title='bbox 1015 947 1150 1035; x_wconf 89' lang='lat' dir='ltr'>dictam</span> <span class='ocrx_word' id='word_1_7' title='bbox 1180 949 1422 1036; x_wconf 71' lang='lat' dir='ltr'>hereditatem</span> <span class='ocrx_word' id='word_1_8' title='bbox 1442 955 1631 1035; x_wconf 68' lang='lat' dir='ltr'>monaco</span> <span class='ocrx_word' id='word_1_9' title='bbox 1653 979 1737 1035; x_wconf 90' lang='lat' dir='ltr'>cum</span> <span class='ocrx_word' id='word_1_10' title='bbox 1759 951 1836 1038; x_wconf 86' lang='lat' dir='ltr'>suis</span> <span class='ocrx_word' id='word_1_11' title='bbox 1884 953 1968 1038; x_wconf 90' lang='lat' dir='ltr'>erti-</span> 
     </span>
     <span class='ocr_line' id='line_1_3' title="bbox 351 981 1893 1192; baseline 0.001 -39"><span class='ocrx_word' id='word_1_12' title='bbox 351 1069 493 1154; x_wconf 89' lang='lat' dir='ltr'>nenoiis</span> <span class='ocrx_word' id='word_1_13' title='bbox 515 1098 562 1152; x_wconf 87' lang='lat' dir='ltr'>ex</span> <span class='ocrx_word' id='word_1_14' title='bbox 584 1063 715 1184; x_wconf 89' lang='lat' dir='ltr'>gracia</span> <span class='ocrx_word' id='word_1_15' title='bbox 736 1082 774 1151; x_wconf 91' lang='lat' dir='ltr'>et</span> <span class='ocrx_word' id='word_1_16' title='bbox 790 1066 1001 1192; x_wconf 89' lang='lat' dir='ltr'>donacione</span> <span class='ocrx_word' id='word_1_17' title='bbox 1022 1068 1083 1183; x_wconf 86' lang='lat' dir='ltr'>pie</span> <span class='ocrx_word' id='word_1_18' title='bbox 1099 1065 1379 1153; x_wconf 79' lang='lat' dir='ltr'>recordacionis</span> <span class='ocrx_word' id='word_1_19' title='bbox 1396 1068 1505 1153; x_wconf 91' lang='lat' dir='ltr'>incliti</span> <span class='ocrx_word' id='word_1_20' title='bbox 1521 1067 1639 1154; x_wconf 91' lang='lat' dir='ltr'>Ducis</span> <span class='ocrx_word' id='word_1_21' title='bbox 1657 981 1893 1160; x_wconf 78' lang='lat' dir='ltr'>cracovieh</span> 
     </span>
    </p>
   </div>
   <div class='ocr_carea' id='block_1_3' title="bbox 230 1083 2091 4463">
    <p class='ocr_par' dir='ltr' id='par_1_3' title="bbox 348 1083 2061 3174">
     <span class='ocr_line' id='line_1_4' title="bbox 1896 1083 2019 1154; baseline -0.016 0"><span class='ocrx_word' id='word_1_22' title='bbox 1896 1083 1969 1154; x_wconf 90' lang='lat' dir='ltr'>est·</span> <span class='ocrx_word' id='word_1_23' title='bbox 2017 1121 2019 1128; x_wconf 92' lang='lat'>·</span> 
     </span>
     <span class='ocr_line' id='line_1_5' title="bbox 351 1182 2021 1304; baseline 0.001 -33"><span class='ocrx_word' id='word_1_24' title='bbox 351 1185 456 1272; x_wconf 90' lang='lat' dir='ltr'>conis</span> <span class='ocrx_word' id='word_1_25' title='bbox 487 1187 608 1300; x_wconf 84' lang='lat' dir='ltr'>patrui</span> <span class='ocrx_word' id='word_1_26' title='bbox 637 1183 892 1301; x_wconf 90' lang='lat' dir='ltr'>nostrilungo</span> <span class='ocrx_word' id='word_1_27' title='bbox 921 1187 995 1304; x_wconf 90' lang='lat' dir='ltr'>jam</span> <span class='ocrx_word' id='word_1_28' title='bbox 1017 1199 1184 1300; x_wconf 91' lang='lat' dir='ltr'>tempore</span> <span class='ocrx_word' id='word_1_29' title='bbox 1206 1186 1327 1302; x_wconf 87' lang='lat' dir='ltr'>quiete</span> <span class='ocrx_word' id='word_1_30' title='bbox 1349 1200 1386 1270; x_wconf 93' lang='lat' dir='ltr'>et</span> <span class='ocrx_word' id='word_1_31' title='bbox 1405 1182 1570 1300; x_wconf 79' lang='lat' dir='ltr'>legitime</span> <span class='ocrx_word' id='word_1_32' title='bbox 1601 1183 1735 1271; x_wconf 93' lang='lat' dir='ltr'>domus</span> <span class='ocrx_word' id='word_1_33' title='bbox 1770 1185 1818 1270; x_wconf 86' lang='lat' dir='ltr'>do</span> <span class='ocrx_word' id='word_1_34' title='bbox 1840 1185 1971 1272; x_wconf 85' lang='lat' dir='ltr'>Sulicv</span> <span class='ocrx_word' id='word_1_35' title='bbox 2005 1213 2021 1244; x_wconf 67' lang='lat'>²³</span> 
     </span>
     <span class='ocr_line' id='line_1_6' title="bbox 351 1299 1969 1420; baseline -0.001 -33"><span class='ocrx_word' id='word_1_36' title='bbox 351 1299 583 1420; x_wconf 74' lang='lat' dir='ltr'>possideret,</span> <span class='ocrx_word' id='word_1_37' title='bbox 625 1301 675 1386; x_wconf 89' lang='lat' dir='ltr'>ad</span> <span class='ocrx_word' id='word_1_38' title='bbox 707 1300 808 1419; x_wconf 89' lang='lat' dir='ltr'>quod</span> <span class='ocrx_word' id='word_1_39' title='bbox 840 1301 1092 1417; x_wconf 85' lang='lat' dir='ltr'>probandum,</span> <span class='ocrx_word' id='word_1_40' title='bbox 1121 1303 1202 1416; x_wconf 88' lang='lat' dir='ltr'>jam</span> <span class='ocrx_word' id='word_1_41' title='bbox 1238 1300 1324 1386; x_wconf 92' lang='lat' dir='ltr'>dicti</span> <span class='ocrx_word' id='word_1_42' title='bbox 1361 1303 1476 1386; x_wconf 90' lang='lat' dir='ltr'>Ducis</span> <span class='ocrx_word' id='word_1_43' title='bbox 1511 1301 1707 1388; x_wconf 79' lang='lat' dir='ltr'>Lestcunis</span> <span class='ocrx_word' id='word_1_44' title='bbox 1736 1301 1969 1419; x_wconf 86' lang='lat' dir='ltr'>privilegium</span> 
     </span>
     <span class='ocr_line' id='line_1_7' title="bbox 350 1417 1969 1534; baseline -0.001 -30"><span class='ocrx_word' id='word_1_45' title='bbox 350 1419 538 1504; x_wconf 84' lang='lat' dir='ltr'>subiciens</span> <span class='ocrx_word' id='word_1_46' title='bbox 569 1432 607 1501; x_wconf 89' lang='lat' dir='ltr'>et</span> <span class='ocrx_word' id='word_1_47' title='bbox 626 1417 873 1534; x_wconf 89' lang='lat' dir='ltr'>approbatum</span> <span class='ocrx_word' id='word_1_48' title='bbox 905 1447 1034 1504; x_wconf 86' lang='lat' dir='ltr'>coram</span> <span class='ocrx_word' id='word_1_49' title='bbox 1064 1419 1171 1504; x_wconf 90' lang='lat' dir='ltr'>nobis</span> <span class='ocrx_word' id='word_1_50' title='bbox 1207 1433 1244 1503; x_wconf 89' lang='lat' dir='ltr'>et</span> <span class='ocrx_word' id='word_1_51' title='bbox 1264 1433 1394 1503; x_wconf 89' lang='lat' dir='ltr'>nostro</span> <span class='ocrx_word' id='word_1_52' title='bbox 1418 1418 1561 1532; x_wconf 87' lang='lat' dir='ltr'>judicio</span> <span class='ocrx_word' id='word_1_53' title='bbox 1591 1417 1880 1512; x_wconf 85' lang='lat' dir='ltr'>demonstravit:</span> <span class='ocrx_word' id='word_1_54' title='bbox 1921 1447 1969 1503; x_wconf 87' lang='lat' dir='ltr'>ex</span> 
     </span>
     <span class='ocr_line' id='line_1_8' title="bbox 351 1527 2047 1652; baseline -0.001 -30"><span class='ocrx_word' id='word_1_55' title='bbox 351 1537 457 1651; x_wconf 89' lang='lat' dir='ltr'>cujus</span> <span class='ocrx_word' id='word_1_56' title='bbox 492 1534 673 1652; x_wconf 88' lang='lat' dir='ltr'>privilegii</span> <span class='ocrx_word' id='word_1_57' title='bbox 709 1550 838 1621; x_wconf 90' lang='lat' dir='ltr'>tenore</span> <span class='ocrx_word' id='word_1_58' title='bbox 860 1539 1127 1652; x_wconf 85' lang='lat' dir='ltr'>comperimus,</span> <span class='ocrx_word' id='word_1_59' title='bbox 1169 1535 1269 1646; x_wconf 88' lang='lat' dir='ltr'>quod</span> <span class='ocrx_word' id='word_1_60' title='bbox 1291 1535 1458 1649; x_wconf 87' lang='lat' dir='ltr'>predicta</span> <span class='ocrx_word' id='word_1_61' title='bbox 1490 1527 1684 1620; x_wconf 84' lang='lat' dir='ltr'>hereditas</span> <span class='ocrx_word' id='word_1_62' title='bbox 1699 1540 1888 1620; x_wconf 72' lang='lat' dir='ltr'>bucelino</span> <span class='ocrx_word' id='word_1_63' title='bbox 1921 1534 1970 1620; x_wconf 93' lang='lat' dir='ltr'>ab</span> <span class='ocrx_word' id='word_1_64' title='bbox 2042 1603 2047 1621; x_wconf 39' lang='lat' dir='ltr'>i</span> 
     </span>
     <span class='ocr_line' id='line_1_9' title="bbox 350 1651 2061 1768; baseline -0.004 -30"><span class='ocrx_word' id='word_1_65' title='bbox 350 1655 450 1739; x_wconf 90' lang='lat' dir='ltr'>initio</span> <span class='ocrx_word' id='word_1_66' title='bbox 472 1669 622 1768; x_wconf 75' lang='lat' dir='ltr'>semper</span> <span class='ocrx_word' id='word_1_67' title='bbox 643 1652 786 1737; x_wconf 87' lang='lat' dir='ltr'>ducalis</span> <span class='ocrx_word' id='word_1_68' title='bbox 806 1654 945 1758; x_wconf 88' lang='lat' dir='ltr'>luerat,</span> <span class='ocrx_word' id='word_1_69' title='bbox 977 1682 1048 1737; x_wconf 91' lang='lat' dir='ltr'>nec</span> <span class='ocrx_word' id='word_1_70' title='bbox 1070 1677 1243 1762; x_wconf 89' lang='lat' dir='ltr'>umquam</span> <span class='ocrx_word' id='word_1_71' title='bbox 1264 1653 1462 1761; x_wconf 87' lang='lat' dir='ltr'>quisquam</span> <span class='ocrx_word' id='word_1_72' title='bbox 1480 1652 1641 1737; x_wconf 86' lang='lat' dir='ltr'>militum</span> <span class='ocrx_word' id='word_1_73' title='bbox 1671 1652 1789 1768; x_wconf 80' lang='lat' dir='ltr'>ipsam</span> <span class='ocrx_word' id='word_1_74' title='bbox 1821 1651 1968 1738; x_wconf 90' lang='lat' dir='ltr'>heredi·</span> <span class='ocrx_word' id='word_1_75' title='bbox 2032 1736 2034 1745; x_wconf 60' lang='grc'>,</span> <span class='ocrx_word' id='word_1_76' title='bbox 2058 1704 2061 1731; x_wconf 62' lang='lat'>2</span> 
     </span>
     <span class='ocr_line' id='line_1_10' title="bbox 350 1767 1972 1886; baseline -0.001 -32"><span class='ocrx_word' id='word_1_77' title='bbox 350 1773 443 1855; x_wconf 88' lang='lat' dir='ltr'>taric</span> <span class='ocrx_word' id='word_1_78' title='bbox 464 1767 700 1886; x_wconf 81' lang='lat' dir='ltr'>possederat.</span> <span class='ocrx_word' id='word_1_79' title='bbox 731 1768 943 1855; x_wconf 89' lang='lat' dir='ltr'>luvenimus</span> <span class='ocrx_word' id='word_1_80' title='bbox 966 1771 1084 1855; x_wconf 86' lang='lat' dir='ltr'>eciam</span> <span class='ocrx_word' id='word_1_81' title='bbox 1105 1770 1139 1854; x_wconf 91' lang='lat' dir='ltr'>in</span> <span class='ocrx_word' id='word_1_82' title='bbox 1162 1767 1295 1854; x_wconf 89' lang='lat' dir='ltr'>eodem</span> <span class='ocrx_word' id='word_1_83' title='bbox 1316 1770 1532 1886; x_wconf 87' lang='lat' dir='ltr'>privilegio,</span> <span class='ocrx_word' id='word_1_84' title='bbox 1573 1767 1863 1883; x_wconf 90' lang='lat' dir='ltr'>quodprelatus</span> <span class='ocrx_word' id='word_1_85' title='bbox 1886 1770 1972 1853; x_wconf 87' lang='lat' dir='ltr'>Dux</span> 
     </span>
     <span class='ocr_line' id='line_1_11' title="bbox 350 1880 1969 2002; baseline -0.001 -29"><span class='ocrx_word' id='word_1_86' title='bbox 350 1886 490 1973; x_wconf 92' lang='lat' dir='ltr'>Lestoo</span> <span class='ocrx_word' id='word_1_87' title='bbox 521 1884 773 2002; x_wconf 87' lang='lat' dir='ltr'>supradictam</span> <span class='ocrx_word' id='word_1_88' title='bbox 804 1886 1047 1973; x_wconf 89' lang='lat' dir='ltr'>hereditatem</span> <span class='ocrx_word' id='word_1_89' title='bbox 1079 1891 1268 1971; x_wconf 76' lang='lat' dir='ltr'>Lanohhw</span> <span class='ocrx_word' id='word_1_90' title='bbox 1302 1887 1436 1972; x_wconf 87' lang='lat' dir='ltr'>Comiti</span> <span class='ocrx_word' id='word_1_91' title='bbox 1459 1880 1684 1971; x_wconf 85' lang='lat' dir='ltr'>Chocemiro</span> <span class='ocrx_word' id='word_1_92' title='bbox 1715 1885 1763 1970; x_wconf 88' lang='lat' dir='ltr'>de</span> <span class='ocrx_word' id='word_1_93' title='bbox 1787 1882 1969 1996; x_wconf 81' lang='lat' dir='ltr'>Clelm(³)</span> 
     </span>
     <span class='ocr_line' id='line_1_12' title="bbox 349 1997 1968 2121; baseline 0.001 -33"><span class='ocrx_word' id='word_1_94' title='bbox 349 2002 662 2121; x_wconf 86' lang='lat' dir='ltr'>proquibusdam</span> <span class='ocrx_word' id='word_1_95' title='bbox 687 2004 855 2090; x_wconf 88' lang='lat' dir='ltr'>serviciis</span> <span class='ocrx_word' id='word_1_96' title='bbox 877 2004 1100 2108; x_wconf 90' lang='lat' dir='ltr'>contulerat,</span> <span class='ocrx_word' id='word_1_97' title='bbox 1132 2003 1202 2090; x_wconf 88' lang='lat' dir='ltr'>sed</span> <span class='ocrx_word' id='word_1_98' title='bbox 1224 2033 1307 2088; x_wconf 92' lang='lat' dir='ltr'>cum</span> <span class='ocrx_word' id='word_1_99' title='bbox 1329 2005 1448 2118; x_wconf 93' lang='lat' dir='ltr'>ipsam</span> <span class='ocrx_word' id='word_1_100' title='bbox 1469 2003 1619 2090; x_wconf 90' lang='lat' dir='ltr'>modico</span> <span class='ocrx_word' id='word_1_101' title='bbox 1641 2018 1807 2119; x_wconf 90' lang='lat' dir='ltr'>tempore</span> <span class='ocrx_word' id='word_1_102' title='bbox 1828 1997 1968 2090; x_wconf 86' lang='lat' dir='ltr'>tenuis-¹</span> 
     </span>
     <span class='ocr_line' id='line_1_13' title="bbox 352 2118 1970 2237; baseline 0 -31"><span class='ocrx_word' id='word_1_103' title='bbox 352 2137 426 2226; x_wconf 89' lang='lat' dir='ltr'>set,</span> <span class='ocrx_word' id='word_1_104' title='bbox 474 2151 657 2236; x_wconf 90' lang='lat' dir='ltr'>processu</span> <span class='ocrx_word' id='word_1_105' title='bbox 687 2123 865 2236; x_wconf 83' lang='lat' dir='ltr'>temporis</span> <span class='ocrx_word' id='word_1_106' title='bbox 902 2121 999 2206; x_wconf 92' lang='lat' dir='ltr'>idem</span> <span class='ocrx_word' id='word_1_107' title='bbox 1038 2121 1283 2207; x_wconf 87' lang='lat' dir='ltr'>Cbocemirus</span> <span class='ocrx_word' id='word_1_108' title='bbox 1318 2151 1387 2237; x_wconf 89' lang='lat' dir='ltr'>per</span> <span class='ocrx_word' id='word_1_109' title='bbox 1418 2118 1698 2207; x_wconf 89' lang='lat' dir='ltr'>ordinacionem</span> <span class='ocrx_word' id='word_1_110' title='bbox 1734 2121 1821 2207; x_wconf 90' lang='lat' dir='ltr'>dicti</span> <span class='ocrx_word' id='word_1_111' title='bbox 1841 2120 1970 2224; x_wconf 89' lang='lat' dir='ltr'>Ducis,</span> 
     </span>
     <span class='ocr_line' id='line_1_14' title="bbox 349 2235 1970 2354; baseline -0.002 -31"><span class='ocrx_word' id='word_1_112' title='bbox 349 2240 529 2352; x_wconf 86' lang='lat' dir='ltr'>receptis,</span> <span class='ocrx_word' id='word_1_113' title='bbox 565 2238 653 2324; x_wconf 91' lang='lat' dir='ltr'>loco</span> <span class='ocrx_word' id='word_1_114' title='bbox 689 2237 941 2350; x_wconf 91' lang='lat' dir='ltr'>predictorum</span> <span class='ocrx_word' id='word_1_115' title='bbox 983 2240 1226 2323; x_wconf 86' lang='lat' dir='ltr'>serviciorum</span> <span class='ocrx_word' id='word_1_116' title='bbox 1263 2267 1435 2331; x_wconf 90' lang='lat' dir='ltr'>suorum,</span> <span class='ocrx_word' id='word_1_117' title='bbox 1473 2267 1541 2354; x_wconf 89' lang='lat' dir='ltr'>par</span> <span class='ocrx_word' id='word_1_118' title='bbox 1571 2267 1719 2320; x_wconf 91' lang='lat' dir='ltr'>manum</span> <span class='ocrx_word' id='word_1_119' title='bbox 1743 2236 1901 2326; x_wconf 82' lang='lat' dir='ltr'>Abbatls</span> <span class='ocrx_word' id='word_1_120' title='bbox 1923 2235 1970 2320; x_wconf 93' lang='lat' dir='ltr'>de</span> 
     </span>
     <span class='ocr_line' id='line_1_15' title="bbox 351 2351 1971 2471; baseline -0.002 -30"><span class='ocrx_word' id='word_1_121' title='bbox 351 2355 509 2460; x_wconf 76' lang='lat' dir='ltr'>Solium,</span> <span class='ocrx_word' id='word_1_122' title='bbox 532 2355 899 2471; x_wconf 89' lang='lat' dir='ltr'>octogintaquinque</span> <span class='ocrx_word' id='word_1_123' title='bbox 916 2355 1051 2440; x_wconf 89' lang='lat' dir='ltr'>marcis</span> <span class='ocrx_word' id='word_1_124' title='bbox 1066 2353 1136 2439; x_wconf 92' lang='lat' dir='ltr'>lusi</span> <span class='ocrx_word' id='word_1_125' title='bbox 1158 2371 1194 2440; x_wconf 90' lang='lat' dir='ltr'>et</span> <span class='ocrx_word' id='word_1_126' title='bbox 1209 2355 1290 2469; x_wconf 91' lang='lat' dir='ltr'>puri</span> <span class='ocrx_word' id='word_1_127' title='bbox 1306 2355 1462 2467; x_wconf 84' lang='lat' dir='ltr'>argenti,</span> <span class='ocrx_word' id='word_1_128' title='bbox 1485 2351 1713 2470; x_wconf 91' lang='lat' dir='ltr'>sepedictam</span> <span class='ocrx_word' id='word_1_129' title='bbox 1730 2353 1971 2438; x_wconf 88' lang='lat' dir='ltr'>hereditatem</span> 
     </span>
     <span class='ocr_line' id='line_1_16' title="bbox 348 2469 1972 2588; baseline -0.001 -32"><span class='ocrx_word' id='word_1_130' title='bbox 348 2479 539 2557; x_wconf 65' lang='lat' dir='ltr'>mochona</span> <span class='ocrx_word' id='word_1_131' title='bbox 564 2474 598 2566; x_wconf 91' lang='lat' dir='ltr'>in</span> <span class='ocrx_word' id='word_1_132' title='bbox 621 2498 752 2557; x_wconf 88' lang='lat' dir='ltr'>manus</span> <span class='ocrx_word' id='word_1_133' title='bbox 776 2471 942 2586; x_wconf 84' lang='lat' dir='ltr'>ejusdem</span> <span class='ocrx_word' id='word_1_134' title='bbox 964 2472 1084 2588; x_wconf 91' lang='lat' dir='ltr'>patrui</span> <span class='ocrx_word' id='word_1_135' title='bbox 1105 2473 1224 2557; x_wconf 88' lang='lat' dir='ltr'>nostri</span> <span class='ocrx_word' id='word_1_136' title='bbox 1237 2470 1443 2556; x_wconf 87' lang='lat' dir='ltr'>voluntarie</span> <span class='ocrx_word' id='word_1_137' title='bbox 1464 2469 1680 2586; x_wconf 81' lang='lat' dir='ltr'>resignavit.</span> <span class='ocrx_word' id='word_1_138' title='bbox 1703 2469 1972 2556; x_wconf 88' lang='lat' dir='ltr'>Cuntinebatur</span> 
     </span>
     <span class='ocr_line' id='line_1_17' title="bbox 348 2584 1978 2706; baseline -0.002 -33"><span class='ocrx_word' id='word_1_139' title='bbox 348 2589 500 2706; x_wconf 90' lang='lat' dir='ltr'>insuper</span> <span class='ocrx_word' id='word_1_140' title='bbox 537 2591 573 2673; x_wconf 91' lang='lat' dir='ltr'>in</span> <span class='ocrx_word' id='word_1_141' title='bbox 605 2587 705 2673; x_wconf 93' lang='lat' dir='ltr'>dicto</span> <span class='ocrx_word' id='word_1_142' title='bbox 726 2588 942 2706; x_wconf 88' lang='lat' dir='ltr'>privilegio,</span> <span class='ocrx_word' id='word_1_143' title='bbox 983 2587 1085 2698; x_wconf 89' lang='lat' dir='ltr'>quod</span> <span class='ocrx_word' id='word_1_144' title='bbox 1127 2617 1209 2674; x_wconf 93' lang='lat' dir='ltr'>cum</span> <span class='ocrx_word' id='word_1_145' title='bbox 1240 2588 1520 2704; x_wconf 90' lang='lat' dir='ltr'>prenominatus</span> <span class='ocrx_word' id='word_1_146' title='bbox 1551 2601 1705 2702; x_wconf 89' lang='lat' dir='ltr'>patruus</span> <span class='ocrx_word' id='word_1_147' title='bbox 1735 2603 1864 2674; x_wconf 91' lang='lat' dir='ltr'>noster</span> <span class='ocrx_word' id='word_1_148' title='bbox 1885 2584 1978 2671; x_wconf 63' lang='lat' dir='ltr'>Dux&#39;</span> 
     </span>
     <span class='ocr_line' id='line_1_18' title="bbox 350 2703 1970 2823; baseline -0.001 -33"><span class='ocrx_word' id='word_1_149' title='bbox 350 2705 490 2793; x_wconf 88' lang='lat' dir='ltr'>Lestoo</span> <span class='ocrx_word' id='word_1_150' title='bbox 512 2705 756 2792; x_wconf 88' lang='lat' dir='ltr'>hereditatem</span> <span class='ocrx_word' id='word_1_151' title='bbox 777 2711 967 2790; x_wconf 73' lang='lat' dir='ltr'>Lacotena</span> <span class='ocrx_word' id='word_1_152' title='bbox 1004 2703 1072 2792; x_wconf 92' lang='lat' dir='ltr'>sibi</span> <span class='ocrx_word' id='word_1_153' title='bbox 1087 2707 1167 2821; x_wconf 87' lang='lat' dir='ltr'>jam</span> <span class='ocrx_word' id='word_1_154' title='bbox 1194 2707 1426 2823; x_wconf 81' lang='lat' dir='ltr'>resignatam</span> <span class='ocrx_word' id='word_1_155' title='bbox 1448 2706 1643 2808; x_wconf 85' lang='lat' dir='ltr'>retineret,</span> <span class='ocrx_word' id='word_1_156' title='bbox 1684 2718 1720 2792; x_wconf 89' lang='lat' dir='ltr'>et</span> <span class='ocrx_word' id='word_1_157' title='bbox 1739 2705 1859 2819; x_wconf 93' lang='lat' dir='ltr'>ipsam</span> <span class='ocrx_word' id='word_1_158' title='bbox 1901 2733 1970 2820; x_wconf 90' lang='lat' dir='ltr'>pro</span> 
     </span>
     <span class='ocr_line' id='line_1_19' title="bbox 351 2821 1970 2940; baseline -0.003 -30"><span class='ocrx_word' id='word_1_159' title='bbox 351 2853 420 2910; x_wconf 92' lang='lat' dir='ltr'>suo</span> <span class='ocrx_word' id='word_1_160' title='bbox 442 2823 561 2928; x_wconf 87' lang='lat' dir='ltr'>libitu,</span> <span class='ocrx_word' id='word_1_161' title='bbox 592 2849 668 2933; x_wconf 91' lang='lat' dir='ltr'>quo</span> <span class='ocrx_word' id='word_1_162' title='bbox 690 2823 811 2928; x_wconf 88' lang='lat' dir='ltr'>vellet,</span> <span class='ocrx_word' id='word_1_163' title='bbox 845 2838 1066 2909; x_wconf 89' lang='lat' dir='ltr'>convertere</span> <span class='ocrx_word' id='word_1_164' title='bbox 1085 2837 1236 2940; x_wconf 88' lang='lat' dir='ltr'>posset,</span> <span class='ocrx_word' id='word_1_165' title='bbox 1267 2825 1303 2908; x_wconf 93' lang='lat' dir='ltr'>in</span> <span class='ocrx_word' id='word_1_166' title='bbox 1324 2821 1529 2909; x_wconf 92' lang='lat' dir='ltr'>remedium</span> <span class='ocrx_word' id='word_1_167' title='bbox 1550 2822 1753 2907; x_wconf 88' lang='lat' dir='ltr'>animarum</span> <span class='ocrx_word' id='word_1_168' title='bbox 1773 2836 1970 2935; x_wconf 89' lang='lat' dir='ltr'>parentum</span> 
     </span>
     <span class='ocr_line' id='line_1_20' title="bbox 351 2935 1971 3057; baseline -0.003 -31"><span class='ocrx_word' id='word_1_169' title='bbox 351 2970 504 3026; x_wconf 90' lang='lat' dir='ltr'>suorum</span> <span class='ocrx_word' id='word_1_170' title='bbox 540 2954 575 3026; x_wconf 90' lang='lat' dir='ltr'>et</span> <span class='ocrx_word' id='word_1_171' title='bbox 608 2970 675 3025; x_wconf 90' lang='lat' dir='ltr'>sue</span> <span class='ocrx_word' id='word_1_172' title='bbox 712 2941 842 3027; x_wconf 88' lang='lat' dir='ltr'>salutis</span> <span class='ocrx_word' id='word_1_173' title='bbox 863 2943 1086 3057; x_wconf 86' lang='lat' dir='ltr'>prolectum,</span> <span class='ocrx_word' id='word_1_174' title='bbox 1118 2937 1257 3026; x_wconf 85' lang='lat' dir='ltr'>Abbati</span> <span class='ocrx_word' id='word_1_175' title='bbox 1279 2937 1480 3025; x_wconf 89' lang='lat' dir='ltr'>Wilbelmc</span> <span class='ocrx_word' id='word_1_176' title='bbox 1511 2951 1548 3024; x_wconf 91' lang='lat' dir='ltr'>et</span> <span class='ocrx_word' id='word_1_177' title='bbox 1569 2938 1650 3053; x_wconf 89' lang='lat' dir='ltr'>ejus</span> <span class='ocrx_word' id='word_1_178' title='bbox 1672 2938 1901 3026; x_wconf 90' lang='lat' dir='ltr'>monasterio</span> <span class='ocrx_word' id='word_1_179' title='bbox 1922 2935 1971 3022; x_wconf 91' lang='lat' dir='ltr'>de</span> 
     </span>
     <span class='ocr_line' id='line_1_21' title="bbox 352 3053 1969 3174; baseline -0.001 -32"><span class='ocrx_word' id='word_1_180' title='bbox 352 3055 498 3143; x_wconf 89' lang='lat' dir='ltr'>Suliow</span> <span class='ocrx_word' id='word_1_181' title='bbox 534 3055 692 3142; x_wconf 90' lang='lat' dir='ltr'>eandem</span> <span class='ocrx_word' id='word_1_182' title='bbox 713 3055 956 3142; x_wconf 86' lang='lat' dir='ltr'>hereditatem</span> <span class='ocrx_word' id='word_1_183' title='bbox 978 3061 1166 3141; x_wconf 75' lang='lat' dir='ltr'>Lansbrica</span> <span class='ocrx_word' id='word_1_184' title='bbox 1204 3056 1374 3160; x_wconf 85' lang='lat' dir='ltr'>donavit,</span> <span class='ocrx_word' id='word_1_185' title='bbox 1404 3058 1490 3171; x_wconf 86' lang='lat' dir='ltr'>jure</span> <span class='ocrx_word' id='word_1_186' title='bbox 1526 3053 1750 3142; x_wconf 89' lang='lat' dir='ltr'>hereditario</span> <span class='ocrx_word' id='word_1_187' title='bbox 1787 3085 1834 3174; x_wconf 93' lang='lat' dir='ltr'>pe</span> <span class='ocrx_word' id='word_1_188' title='bbox 1883 3069 1969 3142; x_wconf 85' lang='lat' dir='ltr'>etue</span> 
     </span>
    </p>

    <p class='ocr_par' dir='ltr' id='par_1_4' title="bbox 230 3085 2091 4463">
     <span class='ocr_line' id='line_1_22' title="bbox 347 3085 2091 3291; baseline 0 -31"><span class='ocrx_word' id='word_1_189' title='bbox 347 3172 630 3288; x_wconf 90' lang='lat' dir='ltr'>possidendam.</span> <span class='ocrx_word' id='word_1_190' title='bbox 671 3173 753 3260; x_wconf 92' lang='lat' dir='ltr'>Hiis</span> <span class='ocrx_word' id='word_1_191' title='bbox 775 3175 898 3284; x_wconf 89' lang='lat' dir='ltr'>itaque</span> <span class='ocrx_word' id='word_1_192' title='bbox 918 3205 987 3291; x_wconf 91' lang='lat' dir='ltr'>per</span> <span class='ocrx_word' id='word_1_193' title='bbox 1008 3173 1174 3260; x_wconf 90' lang='lat' dir='ltr'>ordinem</span> <span class='ocrx_word' id='word_1_194' title='bbox 1197 3173 1245 3260; x_wconf 94' lang='lat' dir='ltr'>ad</span> <span class='ocrx_word' id='word_1_195' title='bbox 1268 3173 1416 3290; x_wconf 86' lang='lat' dir='ltr'>plenum</span> <span class='ocrx_word' id='word_1_196' title='bbox 1438 3173 1616 3290; x_wconf 85' lang='lat' dir='ltr'>coguitis,</span> <span class='ocrx_word' id='word_1_197' title='bbox 1649 3203 1732 3257; x_wconf 92' lang='lat' dir='ltr'>cum</span> <span class='ocrx_word' id='word_1_198' title='bbox 1754 3171 1827 3286; x_wconf 76' lang='lat' dir='ltr'>jam</span> <span class='ocrx_word' id='word_1_199' title='bbox 1836 3085 1970 3260; x_wconf 70' lang='lat' dir='ltr'>r(lictus</span> <span class='ocrx_word' id='word_1_200' title='bbox 2088 3279 2091 3291; x_wconf 31' lang='grc' dir='ltr'>Ι</span> 
     </span>
     <span class='ocr_line' id='line_1_23' title="bbox 348 3287 1971 3408; baseline -0.004 -32"><span class='ocrx_word' id='word_1_201' title='bbox 348 3289 579 3377; x_wconf 88' lang='lat' dir='ltr'>Misliborius</span> <span class='ocrx_word' id='word_1_202' title='bbox 601 3287 890 3377; x_wconf 81' lang='lat' dir='ltr'>contradictum</span> <span class='ocrx_word' id='word_1_203' title='bbox 912 3293 1145 3408; x_wconf 87' lang='lat' dir='ltr'>privilegium</span> <span class='ocrx_word' id='word_1_204' title='bbox 1167 3293 1342 3406; x_wconf 87' lang='lat' dir='ltr'>excipere</span> <span class='ocrx_word' id='word_1_205' title='bbox 1362 3291 1559 3399; x_wconf 87' lang='lat' dir='ltr'>quicquam</span> <span class='ocrx_word' id='word_1_206' title='bbox 1595 3319 1669 3373; x_wconf 91' lang='lat' dir='ltr'>uon</span> <span class='ocrx_word' id='word_1_207' title='bbox 1690 3288 1856 3394; x_wconf 86' lang='lat' dir='ltr'>haberet,</span> <span class='ocrx_word' id='word_1_208' title='bbox 1888 3292 1971 3405; x_wconf 89' lang='lat' dir='ltr'>ipse</span> 
     </span>
     <span class='ocr_line' id='line_1_24' title="bbox 348 3405 1969 3523; baseline -0.003 -30"><span class='ocrx_word' id='word_1_209' title='bbox 348 3407 396 3493; x_wconf 95' lang='lat' dir='ltr'>de</span> <span class='ocrx_word' id='word_1_210' title='bbox 417 3409 562 3523; x_wconf 87' lang='lat' dir='ltr'>prelata</span> <span class='ocrx_word' id='word_1_211' title='bbox 592 3406 797 3493; x_wconf 89' lang='lat' dir='ltr'>hereditate</span> <span class='ocrx_word' id='word_1_212' title='bbox 817 3413 1009 3492; x_wconf 72' lang='lat' dir='ltr'>lancheim</span> <span class='ocrx_word' id='word_1_213' title='bbox 1039 3409 1143 3522; x_wconf 87' lang='lat' dir='ltr'>justo</span> <span class='ocrx_word' id='word_1_214' title='bbox 1164 3420 1294 3493; x_wconf 91' lang='lat' dir='ltr'>nostro</span> <span class='ocrx_word' id='word_1_215' title='bbox 1308 3405 1452 3520; x_wconf 89' lang='lat' dir='ltr'>judicio</span> <span class='ocrx_word' id='word_1_216' title='bbox 1488 3433 1666 3488; x_wconf 89' lang='lat' dir='ltr'>unacum</span> <span class='ocrx_word' id='word_1_217' title='bbox 1697 3405 1858 3518; x_wconf 86' lang='lat' dir='ltr'>posteris</span> <span class='ocrx_word' id='word_1_218' title='bbox 1882 3405 1969 3490; x_wconf 86' lang='lat' dir='ltr'>suis</span> 
     </span>
     <span class='ocr_line' id='line_1_25' title="bbox 352 3518 1969 3640; baseline -0.001 -31"><span class='ocrx_word' id='word_1_219' title='bbox 352 3523 588 3639; x_wconf 89' lang='lat' dir='ltr'>abjudicatus</span> <span class='ocrx_word' id='word_1_220' title='bbox 610 3540 679 3628; x_wconf 78' lang='lat' dir='ltr'>est,</span> <span class='ocrx_word' id='word_1_221' title='bbox 699 3538 880 3639; x_wconf 92' lang='lat' dir='ltr'>perpetuo</span> <span class='ocrx_word' id='word_1_222' title='bbox 903 3525 993 3640; x_wconf 90' lang='lat' dir='ltr'>ipsis</span> <span class='ocrx_word' id='word_1_223' title='bbox 1014 3553 1128 3637; x_wconf 91' lang='lat' dir='ltr'>super</span> <span class='ocrx_word' id='word_1_224' title='bbox 1146 3521 1330 3637; x_wconf 89' lang='lat' dir='ltr'>ejusmodi</span> <span class='ocrx_word' id='word_1_225' title='bbox 1349 3523 1497 3606; x_wconf 88' lang='lat' dir='ltr'>actione</span> <span class='ocrx_word' id='word_1_226' title='bbox 1517 3519 1672 3606; x_wconf 91' lang='lat' dir='ltr'>silencio</span> <span class='ocrx_word' id='word_1_227' title='bbox 1693 3521 1866 3635; x_wconf 89' lang='lat' dir='ltr'>inposito.</span> <span class='ocrx_word' id='word_1_228' title='bbox 1886 3518 1969 3608; x_wconf 93' lang='lat' dir='ltr'>Nus</span> 
     </span>
     <span class='ocr_line' id='line_1_26' title="bbox 348 3635 1995 3756; baseline -0.002 -28"><span class='ocrx_word' id='word_1_229' title='bbox 348 3655 441 3728; x_wconf 83' lang='lat' dir='ltr'>veru</span> <span class='ocrx_word' id='word_1_230' title='bbox 463 3639 671 3726; x_wconf 83' lang='lat' dir='ltr'>Abbatide</span> <span class='ocrx_word' id='word_1_231' title='bbox 692 3640 837 3725; x_wconf 89' lang='lat' dir='ltr'>Suliow</span> <span class='ocrx_word' id='word_1_232' title='bbox 875 3653 911 3724; x_wconf 91' lang='lat' dir='ltr'>et</span> <span class='ocrx_word' id='word_1_233' title='bbox 932 3643 1012 3756; x_wconf 88' lang='lat' dir='ltr'>ejus</span> <span class='ocrx_word' id='word_1_234' title='bbox 1034 3639 1250 3727; x_wconf 90' lang='lat' dir='ltr'>monasterii</span> <span class='ocrx_word' id='word_1_235' title='bbox 1269 3638 1416 3754; x_wconf 91' lang='lat' dir='ltr'>plenam</span> <span class='ocrx_word' id='word_1_236' title='bbox 1454 3654 1490 3724; x_wconf 91' lang='lat' dir='ltr'>et</span> <span class='ocrx_word' id='word_1_237' title='bbox 1509 3635 1755 3754; x_wconf 89' lang='lat' dir='ltr'>approbatam</span> <span class='ocrx_word' id='word_1_238' title='bbox 1786 3639 1968 3726; x_wconf 85' lang='lat' dir='ltr'>intuentos</span> <span class='ocrx_word' id='word_1_239' title='bbox 1993 3701 1995 3708; x_wconf 34' lang='lat' dir='ltr'><em>s</em></span> 
     </span>
     <span class='ocr_line' id='line_1_27' title="bbox 344 3752 1968 3876; baseline -0.001 -34"><span class='ocrx_word' id='word_1_240' title='bbox 344 3760 552 3876; x_wconf 83' lang='lat' dir='ltr'>justiciam,</span> <span class='ocrx_word' id='word_1_241' title='bbox 601 3772 637 3842; x_wconf 91' lang='lat' dir='ltr'>et</span> <span class='ocrx_word' id='word_1_242' title='bbox 656 3759 773 3874; x_wconf 89' lang='lat' dir='ltr'>partis</span> <span class='ocrx_word' id='word_1_243' title='bbox 794 3757 957 3842; x_wconf 90' lang='lat' dir='ltr'>adverse</span> <span class='ocrx_word' id='word_1_244' title='bbox 991 3757 1323 3842; x_wconf 88' lang='lat' dir='ltr'>contradictionem</span> <span class='ocrx_word' id='word_1_245' title='bbox 1343 3757 1446 3871; x_wconf 88' lang='lat' dir='ltr'>juste</span> <span class='ocrx_word' id='word_1_246' title='bbox 1481 3769 1518 3839; x_wconf 89' lang='lat' dir='ltr'>et</span> <span class='ocrx_word' id='word_1_247' title='bbox 1548 3755 1695 3871; x_wconf 91' lang='lat' dir='ltr'>penitus</span> <span class='ocrx_word' id='word_1_248' title='bbox 1731 3752 1968 3860; x_wconf 86' lang='lat' dir='ltr'>destructam,</span> 
     </span>
     <span class='ocr_line' id='line_1_28' title="bbox 230 3873 1968 3992; baseline -0.002 -30"><span class='ocrx_word' id='word_1_249' title='bbox 230 3895 231 3898; x_wconf 68' lang='lat'>‘</span> <span class='ocrx_word' id='word_1_250' title='bbox 349 3877 445 3962; x_wconf 90' lang='lat' dir='ltr'>siout</span> <span class='ocrx_word' id='word_1_251' title='bbox 466 3889 603 3960; x_wconf 87' lang='lat' dir='ltr'>extunc</span> <span class='ocrx_word' id='word_1_252' title='bbox 624 3875 853 3992; x_wconf 89' lang='lat' dir='ltr'>sepedictum</span> <span class='ocrx_word' id='word_1_253' title='bbox 876 3877 1141 3961; x_wconf 89' lang='lat' dir='ltr'>monasterium</span> <span class='ocrx_word' id='word_1_254' title='bbox 1164 3874 1212 3960; x_wconf 92' lang='lat' dir='ltr'>de</span> <span class='ocrx_word' id='word_1_255' title='bbox 1233 3873 1378 3980; x_wconf 76' lang='lat' dir='ltr'>Solium</span> <span class='ocrx_word' id='word_1_256' title='bbox 1398 3873 1641 3960; x_wconf 88' lang='lat' dir='ltr'>hereditatem</span> <span class='ocrx_word' id='word_1_257' title='bbox 1661 3876 1849 3958; x_wconf 77' lang='lat' dir='ltr'>Lcnetrho</span> <span class='ocrx_word' id='word_1_258' title='bbox 1864 3875 1968 3987; x_wconf 90' lang='lat' dir='ltr'>justu</span> 
     </span>
     <span class='ocr_line' id='line_1_29' title="bbox 348 3988 1969 4108; baseline -0.001 -30"><span class='ocrx_word' id='word_1_259' title='bbox 348 3993 453 4078; x_wconf 90' lang='lat' dir='ltr'>titulo</span> <span class='ocrx_word' id='word_1_260' title='bbox 473 3993 679 4079; x_wconf 87' lang='lat' dir='ltr'>dinoscitur</span> <span class='ocrx_word' id='word_1_261' title='bbox 695 3992 915 4108; x_wconf 88' lang='lat' dir='ltr'>possidere,</span> <span class='ocrx_word' id='word_1_262' title='bbox 952 3994 1008 4079; x_wconf 90' lang='lat' dir='ltr'>sic</span> <span class='ocrx_word' id='word_1_263' title='bbox 1030 4008 1067 4078; x_wconf 92' lang='lat' dir='ltr'>et</span> <span class='ocrx_word' id='word_1_264' title='bbox 1087 4023 1185 4079; x_wconf 91' lang='lat' dir='ltr'>nunc</span> <span class='ocrx_word' id='word_1_265' title='bbox 1206 3993 1324 4107; x_wconf 92' lang='lat' dir='ltr'>ipsam</span> <span class='ocrx_word' id='word_1_266' title='bbox 1360 3991 1575 4095; x_wconf 81' lang='lat' dir='ltr'>infuturum</span> <span class='ocrx_word' id='word_1_267' title='bbox 1597 3988 1817 4074; x_wconf 89' lang='lat' dir='ltr'>auctoritate</span> <span class='ocrx_word' id='word_1_268' title='bbox 1839 4007 1969 4076; x_wconf 90' lang='lat' dir='ltr'>nostra</span> 
     </span>
     <span class='ocr_line' id='line_1_30' title="bbox 350 4105 1969 4220; baseline -0.001 -26"><span class='ocrx_word' id='word_1_269' title='bbox 350 4110 469 4194; x_wconf 87' lang='lat' dir='ltr'>eidem</span> <span class='ocrx_word' id='word_1_270' title='bbox 492 4111 717 4195; x_wconf 90' lang='lat' dir='ltr'>monasterio</span> <span class='ocrx_word' id='word_1_271' title='bbox 740 4124 776 4194; x_wconf 93' lang='lat' dir='ltr'>et</span> <span class='ocrx_word' id='word_1_272' title='bbox 795 4111 970 4196; x_wconf 81' lang='lat' dir='ltr'>iratribus</span> <span class='ocrx_word' id='word_1_273' title='bbox 991 4109 1127 4195; x_wconf 88' lang='lat' dir='ltr'>ibidem</span> <span class='ocrx_word' id='word_1_274' title='bbox 1148 4110 1224 4197; x_wconf 81' lang='lat' dir='ltr'>deo.</span> <span class='ocrx_word' id='word_1_275' title='bbox 1243 4106 1511 4214; x_wconf 87' lang='lat' dir='ltr'>servientibus,</span> <span class='ocrx_word' id='word_1_276' title='bbox 1543 4106 1624 4190; x_wconf 86' lang='lat' dir='ltr'>sine</span> <span class='ocrx_word' id='word_1_277' title='bbox 1645 4105 1800 4220; x_wconf 86' lang='lat' dir='ltr'>alicujus</span> <span class='ocrx_word' id='word_1_278' title='bbox 1821 4123 1969 4194; x_wconf 89' lang='lat' dir='ltr'>contra·</span> 
     </span>
     <span class='ocr_line' id='line_1_31' title="bbox 350 4220 1969 4343; baseline 0.001 -33"><span class='ocrx_word' id='word_1_279' title='bbox 350 4224 511 4312; x_wconf 92' lang='lat' dir='ltr'>dictione</span> <span class='ocrx_word' id='word_1_280' title='bbox 541 4241 722 4340; x_wconf 87' lang='lat' dir='ltr'>perpetuo</span> <span class='ocrx_word' id='word_1_281' title='bbox 744 4225 1018 4314; x_wconf 84' lang='lat' dir='ltr'>confirmamus.</span> <span class='ocrx_word' id='word_1_282' title='bbox 1068 4225 1118 4314; x_wconf 92' lang='lat' dir='ltr'>Et</span> <span class='ocrx_word' id='word_1_283' title='bbox 1138 4258 1185 4312; x_wconf 90' lang='lat' dir='ltr'>ne</span> <span class='ocrx_word' id='word_1_284' title='bbox 1207 4229 1380 4343; x_wconf 90' lang='lat' dir='ltr'>cuiquam</span> <span class='ocrx_word' id='word_1_285' title='bbox 1412 4223 1560 4309; x_wconf 90' lang='lat' dir='ltr'>dubium</span> <span class='ocrx_word' id='word_1_286' title='bbox 1592 4220 1733 4338; x_wconf 84' lang='lat' dir='ltr'>aliquot</span> <span class='ocrx_word' id='word_1_287' title='bbox 1764 4224 1969 4340; x_wconf 88' lang='lat' dir='ltr'>superbiis</span> 
     </span>
     <span class='ocr_line' id='line_1_32' title="bbox 349 4340 1967 4463; baseline -0.003 -33"><span class='ocrx_word' id='word_1_288' title='bbox 349 4343 472 4430; x_wconf 89' lang='lat' dir='ltr'>valeat</span> <span class='ocrx_word' id='word_1_289' title='bbox 493 4343 670 4444; x_wconf 91' lang='lat' dir='ltr'>suboriri,</span> <span class='ocrx_word' id='word_1_290' title='bbox 701 4360 913 4458; x_wconf 88' lang='lat' dir='ltr'>presentem</span> <span class='ocrx_word' id='word_1_291' title='bbox 935 4343 1111 4463; x_wconf 86' lang='lat' dir='ltr'>pagiuam</span> <span class='ocrx_word' id='word_1_292' title='bbox 1131 4360 1263 4432; x_wconf 92' lang='lat' dir='ltr'>nostro</span> <span class='ocrx_word' id='word_1_293' title='bbox 1284 4340 1406 4459; x_wconf 89' lang='lat' dir='ltr'>sigillo</span> <span class='ocrx_word' id='word_1_294' title='bbox 1429 4343 1581 4426; x_wconf 88' lang='lat' dir='ltr'>lecimus</span> <span class='ocrx_word' id='word_1_295' title='bbox 1602 4340 1785 4427; x_wconf 86' lang='lat' dir='ltr'>roborari.</span> <span class='ocrx_word' id='word_1_296' title='bbox 1833 4342 1967 4426; x_wconf 83' lang='lat' dir='ltr'>Actum</span> 
     </span>
    </p>
   </div>
   <div class='ocr_carea' id='block_1_4' title="bbox 347 4665 1967 5018">
    <p class='ocr_par' dir='ltr' id='par_1_5' title="bbox 347 4665 1967 5018">
     <span class='ocr_line' id='line_1_33' title="bbox 449 4665 1967 4782; baseline -0.001 -23"><span class='ocrx_word' id='word_1_297' title='bbox 449 4695 489 4778; x_wconf 63' lang='grc' dir='ltr'>(θ)</span> <span class='ocrx_word' id='word_1_298' title='bbox 518 4695 595 4760; x_wconf 83' lang='lat' dir='ltr'>Villa</span> <span class='ocrx_word' id='word_1_299' title='bbox 619 4695 799 4782; x_wconf 83' lang='lat' dir='ltr'>parochialis</span> <span class='ocrx_word' id='word_1_300' title='bbox 822 4692 921 4758; x_wconf 84' lang='lat' dir='ltr'>Clelm</span> <span class='ocrx_word' id='word_1_301' title='bbox 935 4696 980 4760; x_wconf 84' lang='lat' dir='ltr'>vel</span> <span class='ocrx_word' id='word_1_302' title='bbox 997 4694 1114 4768; x_wconf 82' lang='lat' dir='ltr'>Chehno</span> <span class='ocrx_word' id='word_1_303' title='bbox 1129 4694 1226 4772; x_wconf 86' lang='lat' dir='ltr'>dioto,</span> <span class='ocrx_word' id='word_1_304' title='bbox 1248 4693 1391 4758; x_wconf 86' lang='lat' dir='ltr'>territorii</span> <span class='ocrx_word' id='word_1_305' title='bbox 1415 4693 1660 4771; x_wconf 68' lang='lat' dir='ltr'>portunensis,</span> <span class='ocrx_word' id='word_1_306' title='bbox 1682 4665 1815 4775; x_wconf 80' lang='lat' dir='ltr'>regionis</span> <span class='ocrx_word' id='word_1_307' title='bbox 1836 4689 1967 4758; x_wconf 86' lang='lat' dir='ltr'>lladom-</span> 
     </span>
     <span class='ocr_line' id='line_1_34' title="bbox 348 4775 1967 4864; baseline 0.002 -22"><span class='ocrx_word' id='word_1_308' title='bbox 348 4779 469 4854; x_wconf 84' lang='lat' dir='ltr'>scansis,</span> <span class='ocrx_word' id='word_1_309' title='bbox 485 4799 544 4842; x_wconf 91' lang='lat' dir='ltr'>non</span> <span class='ocrx_word' id='word_1_310' title='bbox 560 4783 647 4864; x_wconf 81' lang='lat' dir='ltr'>longe</span> <span class='ocrx_word' id='word_1_311' title='bbox 663 4802 678 4844; x_wconf 88' lang='lat' dir='ltr'>a</span> <span class='ocrx_word' id='word_1_312' title='bbox 696 4779 784 4845; x_wconf 84' lang='lat' dir='ltr'>bonis</span> <span class='ocrx_word' id='word_1_313' title='bbox 796 4781 936 4845; x_wconf 80' lang='lat' dir='ltr'>coenobii</span> <span class='ocrx_word' id='word_1_314' title='bbox 953 4779 1081 4857; x_wconf 87' lang='lat' dir='ltr'>distans,</span> <span class='ocrx_word' id='word_1_315' title='bbox 1097 4787 1128 4843; x_wconf 89' lang='lat' dir='ltr'>et</span> <span class='ocrx_word' id='word_1_316' title='bbox 1141 4779 1219 4846; x_wconf 83' lang='lat' dir='ltr'>inter</span> <span class='ocrx_word' id='word_1_317' title='bbox 1232 4778 1386 4854; x_wconf 84' lang='lat' dir='ltr'>Rudomslr</span> <span class='ocrx_word' id='word_1_318' title='bbox 1402 4785 1433 4842; x_wconf 86' lang='lat' dir='ltr'>ot</span> <span class='ocrx_word' id='word_1_319' title='bbox 1448 4778 1615 4854; x_wconf 81' lang='lat' dir='ltr'>Pruadbdm</span> <span class='ocrx_word' id='word_1_320' title='bbox 1630 4777 1740 4863; x_wconf 89' lang='lat' dir='ltr'>oppida</span> <span class='ocrx_word' id='word_1_321' title='bbox 1757 4776 1824 4858; x_wconf 85' lang='lat' dir='ltr'>site,</span> <span class='ocrx_word' id='word_1_322' title='bbox 1839 4775 1887 4840; x_wconf 88' lang='lat' dir='ltr'>hic</span> <span class='ocrx_word' id='word_1_323' title='bbox 1902 4778 1967 4846; x_wconf 80' lang='lat' dir='ltr'>sius</span> 
     </span>
     <span class='ocr_line' id='line_1_35' title="bbox 347 4861 1791 5018; baseline -0.003 -89"><span class='ocrx_word' id='word_1_324' title='bbox 347 4861 441 4928; x_wconf 92' lang='lat' dir='ltr'>dubio</span> <span class='ocrx_word' id='word_1_325' title='bbox 454 4863 639 4949; x_wconf 81' lang='lat' dir='ltr'>intelligitur.</span> <span class='ocrx_word' id='word_1_326' title='bbox 1182 4885 1185 4891; x_wconf 66' lang='grc'>’</span> <span class='ocrx_word' id='word_1_327' title='bbox 1762 4961 1791 5018; x_wconf 82' lang='lat'>8·</span> 
     </span>
    </p>
   </div>
   <div class='ocr_carea' id='block_1_5' title="bbox 0 0 2398 5926">
    <p class='ocr_par' dir='ltr' id='par_1_6' title="bbox 0 0 2398 5926">
     <span class='ocr_line' id='line_1_36' title="bbox 0 0 2398 5926; baseline 0 0"><span class='ocrx_word' id='word_1_328' title='bbox 0 0 2398 5926; x_wconf 95' lang='lat' dir='ltr'> </span> 
     </span>
    </p>
   </div>
  </div>
 </body>
</html>
