4780 5922
1059 793 1332 864 -216-

381 994 559 1081 laroslau
581 1003 711 1080 saneta
731 992 985 1109 gnezdnensis
1008 993 1090 1105 (sic)
1107 993 1268 1080 ecclesie
1284 991 1583 1110 archiepiscopo,
1605 1006 1641 1079 et
1656 994 1897 1082 serenissimo
1912 996 2009 1112 prin-

383 1113 465 1228 cipe
496 1111 647 1200 domino
681 1106 839 1196 Nicolao
872 1110 970 1197 duee
1001 1109 1170 1227 Opauie,
1202 1141 1249 1197 ac
1270 1109 1455 1198 nobilibus
1475 1111 1564 1197 viris
1585 1108 1764 1198 dominis:
1794 1111 2011 1231 Dadzybog

354 1287 359 1298 ·
381 1228 569 1332 Plooensi,
584 1226 758 1314 iohanne
774 1225 1021 1333 Lancioiensi,
1038 1228 1196 1314 Alberto
1214 1228 1408 1316 Brestensi
1424 1227 1607 1347 palatinis,
1623 1225 1803 1317 Floriano
1821 1230 2009 1316 cancella-

381 1348 437 1433 rio
458 1345 705 1449 Lanciciensi,
731 1343 908 1433 Paseone
930 1345 1172 1433 Gnezdnensi
1194 1345 1287 1457 (sic),
1309 1359 1346 1434 et
1365 1345 1544 1433 Pascone
1563 1344 1761 1434 Brestensi
1781 1345 2007 1452 castellanis,

380 1463 620 1580 Wyrbantha
642 1462 819 1566 Polonie,
850 1462 1063 1550 Predborio
1086 1465 1273 1577 Cuyauie,
1306 1480 1343 1550 et
1365 1463 1524 1551 Chebda
1545 1460 1705 1579 Syradie
1724 1465 1952 1580 capitaneis,
1973 1478 2010 1550 et

381 1579 541 1673 Nicolao
565 1579 789 1696 Cnamborij,
811 1609 858 1668 ae
879 1582 961 1698 alijs
983 1609 1093 1701 qaum
1117 1580 1281 1699 piurimis
1303 1581 1377 1668 lude
1399 1579 1534 1700 dignis.

778 2071 780 2077 p
1015 1889 1022 1900 ’
1098 1913 1292 2028 cxxru.
1313 1953 1335 2048 ς

627 2187 836 2282 Planci,
863 2205 1018 2271 anno
1044 2183 1188 2271 ,13111
1215 2185 1319 2270 dic·
1334 2183 1409 2272 25
1436 2197 1506 2269 on.
1537 2187 1759 2288 anneta.

380 2387 672 2460 lianhnirus
687 2387 756 2462 tio'x
769 2388 923 2477 iotouioo,
945 2387 1039 2462 villos
1054 2390 1197 2464 Korone,
1211 2390 1384 2478 Dymaeus
1401 2389 1567 2472 Omanae,
1582 2388 1622 2459 oi
1638 2387 1781 2462 omnibu
1796 2387 2009 2464 solutionibus

797 2492 933 2580 exona
946 2489 1115 2564 turnonii
1129 2489 1264 2562 oollooto
1276 2493 1388 2580 muro,
1402 2489 1518 2562 litora
1532 2489 1590 2574 (¹).

479 2711 522 2800 lu
542 2712 691 2800 nomine
711 2710 859 2816 domini,
880 2741 1001 2804 amen.
1038 2711 1265 2806 Cunctorum
1286 2712 1383 2829 perit
1395 2711 1573 2798 memoria
1589 2711 1782 2815 laetorum,
1802 2710 1872 2796 nisi
1887 2713 2005 2830 serip-

379 2831 470 2917 turis
500 2830 717 2935 autenticis,
751 2840 789 2913 et
817 2826 894 2916 fide
929 2827 1130 2946 dignorum
1165 2830 1376 2919 testimonio
1412 2826 1727 2917 commendentur.
1786 2826 1905 2947 igitur
1935 2858 2007 2916 nus

379 2947 591 3036 Kazimirus
613 2945 672 3034 dei
693 2946 825 3066 gracia
845 2945 934 3033 Rex
953 2947 1124 3050 Polonie,
1149 2975 1317 3034 necnon
1341 2947 1541 3052 Cracouie,
1563 2943 1812 3052 Sandomirie,
1834 2945 2008 3064 Sijradie,

377 3064 565 3168 Lancicie
598 3064 777 3180 Cuyauie,
805 3063 1015 3168 Piocensis,
1035 3065 1187 3168 Russie‚
1207 3064 1509 3184 Pomeranieque
1530 3062 1702 3153 dominus
1724 3079 1761 3152 et
1780 3063 1905 3152 heres.
1946 3063 2007 3152 Ad

380 3182 638 3269 universorum
663 3183 836 3270 noticiam
869 3195 942 3266 tam
964 3184 1219 3299 presencium,
1251 3211 1362 3299 quarn
1382 3185 1608 3286 futurorum,
1638 3180 1811 3269 volumus
1832 3181 2011 3268 deuenire

378 3299 509 3386 harum
530 3301 630 3387 serie
649 3299 834 3387 literarum
846 3301 865 3383 ε’
886 3297 1004 3412 Quod
1025 3299 1073 3388 ad
1095 3300 1276 3388 instantes
1297 3301 1504 3416 peticiones
1524 3297 1752 3410 honorabilis
1785 3313 1823 3384 et
1841 3297 2009 3418 religiosi

377 3418 445 3504 viri
477 3417 615 3505 fratris·
634 3415 781 3504 Nicolai
811 3419 1008 3534 prepositi,
1040 3449 1112 3506 nec
1132 3445 1208 3504 non
1227 3417 1371 3506 sororis
1391 3415 1552 3504 Derslae
1574 3417 1752 3534 priorisse
1768 3415 1894 3527 ,tocius
1915 3444 2008 3530 eop-

378 3551 511 3624 uentus
532 3536 747 3651 monasterij
781 3536 921 3622 Sancte
952 3535 1074 3622 lllarie
1105 3531 1337 3654 lllagdalene
1358 3535 1500 3624 ordinis
1528 3531 1891 3622 premonstratensis
1922 3548 2010 3622 ante

379 3657 535 3752 Plorat,
577 3657 725 3739 exnunc
754 3652 975 3740 lrmetlrunes
1011 3669 1048 3741 et
1078 3653 1224 3742 incolas
1263 3652 1429 3740 villarum
1470 3653 1789 3770 infrascriptarum
1825 3649 2008 3750 videlicet

381 3773 556 3868 Cnrowo,
591 3776 750 3882 mecze
771 3785 808 3856 et
831 3775 1068 3870 Ostrowons,
1090 3770 1217 3886 ¹ipsius
1239 3771 1452 3887 monasterij
1479 3767 1744 3874 inhabitantes,
1781 3769 1830 3855 ob
1849 3769 2009 3858 salutem

377 3887 499 3990 anime
521 3901 671 3992 nostre,
703 3886 895 3972 eximimus
927 3900 964 3972 et
992 3901 1176 4004 perpetuo
1196 3887 1397 3974 liberamus
1416 3887 1525 3976 villas
1546 3885 1736 4005 predictas
1766 3887 1816 3973 ab
1838 3885 2009 3976 omuibus

377 4007 557 4124 angarijs‚
572 4006 823 4124 preangarijS,
838 4003 1043 4109 laboribus,
1046 4003 1391 4122 ,solucionibusque
1407 4006 1592 4092 uniuersis
1608 4018 1646 4091 et
1660 4003 1832 4138 singulis,
1848 4016 2008 4138 excepta
2106 4075 2108 4083 .

190 4114 213 4234 'J'
269 4143 287 4210 ί
368 4123 577 4208 uniuersali
599 4121 758 4210 collecta
779 4136 897 4225 terre,
930 4129 1201 4237 quaporedtue
1222 4136 1500 4239 nunccupatur3
1529 4121 1731 4209 liberamus
1762 4151 1917 4239 insuper
1935 4150 2009 4208 ram

378 4237 500 4326 dictos
520 4238 740 4328 kmetlrones
761 4270 783 4326 a
798 4237 1023 4357 juridicione
1044 4241 1204 4326 omnium
1220 4241 1491 4356 palatinorum,
1513 4238 1814 4357 castellanorum,
1827 4237 2009 4357 judicum,

378 4354 630 4463 subindicum,
652 4357 941 4446 ministerialium
962 4358 1129 4473 ipsorum
1149 4358 1217 4462 ita,
1240 4358 1341 4475 quod
1363 4388 1491 4452 coram
1514 4358 1616 4476 ipsis,
1638 4356 1698 4444 uel
1718 4385 1849 4446 eorum
1869 4356 2008 4488 aliquo,

376 4505 447 4590 pro
478 4474 604 4562 causis
634 4475 782 4593 magnis
809 4477 1047 4590 seuparuis,
1079 4491 1116 4563 et
1136 4476 1393 4577 uniuersaliter
1412 4476 1708 4593 quibuscumque
1739 4473 1837 4562 citati
1861 4473 2009 4560 minime

376 4606 573 4680 teneantur
593 4590 845 4710 respondere,
875 4594 944 4681 nisi
966 4623 1094 4681 coram
1116 4623 1187 4680 suo
1209 4595 1413 4712 preposito,
1434 4608 1500 4704 aut
1519 4593 1600 4680 cius
1619 4591 1754 4698 iudice,
1775 4621 1845 4710 per
1866 4619 1951 4677 eum
1972 4605 2010 4677 et

478 4823 520 4908 (¹)
549 4825 594 4889 Ex
617 4825 779 4913 archetypo
801 4826 830 4891 in
854 4825 1041 4892 Vorsoriensi
1064 4829 1213 4895 tabulario
1236 4825 1357 4912 publico
1379 4825 1474 4910 Regni
1496 4825 1643 4894 Polouioo
1665 4825 1721 4894 Nro
1744 4825 1820 4890 1111
1848 4829 2007 4890 asservato.

235 4927 241 4936 ·
377 4905 512 4992 Sigillum
528 4907 621 4973 deest.
