4912 5924
1125 729 1398 806 -tos-

1055 1095 1059 1100 -
1120 1027 1397 1146 unuin.
1530 997 1533 1005 ’

595 1223 888 1396 cancico,
917 1314 1074 1385 omno
1100 1295 1258 1386 1460
1285 1299 1337 1384 rt.
1363 1291 1435 1384 ta
1459 1235 1660 1382 moneta
1685 1301 1926 1408 amomo.

356 1438 363 1450 ἢ
444 1501 1129 1585 casimmmuomuuorruuur
1139 1501 1319 1576 uomitum
1330 1500 1474 1576 ornotu
1487 1503 1676 1574 cotoneo
1686 1503 2074 1596 mommo,
2199 1459 2207 1474 ⁸

461 1645 464 1652 ·
629 1605 893 1684 utercunomisi
907 1603 1152 1681 morutium
1166 1620 1353 1698 moquoouo
1368 1615 1449 1716 euno
1462 1603 1673 1696 prosterno
1686 1604 1827 1706 tocuuit
1840 1607 1889 1692 (u

543 1829 759 1919 Kazimiros
786 1825 846 1916 dei
866 1827 1000 1946 gracia
1022 1823 1117 1938 ¹Rau
1147 1825 1327 1933 polonie,
1358 1819 1526 1946 Magnus
1556 1823 1647 1918 Dux
1675 1825 1890 1936 lithuaoio,
1919 1825 2074 1934 Russie,

442 1949 675 2064 Prussieqoe
711 1943 885 2032 domiuus
921 1959 960 2030 et
993 1945 1116 2034 hereo.
1178 1943 1220 2030 Si
1251 1941 1446 2032 nificamus
1480 1959 1612 2032 tenore
1646 1945 1903 2058 presencium,
1939 1943 2074 2078 quibus
2094 1952 2113 1984 ”

443 2063 594 2183 expedit
623 2062 827 2152 universis:
875 2059 1084 2174 Quomodo
1114 1974 1350 2148 suculentos
1383 2091 1570 2148 nosoum
1602 2058 1756 2180 prelatis
1787 2075 1826 2146 et
1855 2059 2075 2180 consiliarijs
2117 2092 2121 2098 ·

443 2183 615 2298 nostris,¹
632 2209 842 2314 gravamen
864 2190 900 2263 et
921 2173 1180 2266 detrimentum
1197 2206 1277 2279 ¹non
1299 2173 1488 2296 modicum
1516 2176 1776 2296 religiosarum
1797 2193 1833 2266 et
1852 2175 2074 2268 deodicata·

443 2332 524 2391 rum
552 2299 766 2408 momelium
797 2295 949 2414 claustrj
982 2292 1031 2381 de
1065 2297 1230 2394 Olotole,
1262 2291 1420 2416 qualiter
1438 2323 1529 2402 aas,
1559 2293 1619 2386 vel
1645 2325 1780 2382 earum
1810 2291 1980 2386 homiues
2006 2326 2074 2384 seu

441 2416 685 2522 kmethoneS,
709 2413 932 2502 Generosos
953 2409 1142 2502 lllarczisz
1163 2409 1288 2500 ludex
1310 2407 1584 2516 Wielunensis,
1605 2426 1643 2500 et
1662 2411 1884 2502 Teoutarius
1905 2415 1941 2504 in
1962 2417 2075 2502 Bole-

442 2541 623 2631 stowieez,
644 2531 695 2620 ad
717 2531 901 2619 insolutus
923 2544 960 2616 et
980 2531 1224 2619 inconsuetus
1244 2529 1396 2620 labores
1418 2527 1606 2648 compellit
1625 2546 1663 2620 et
1683 2531 1864 2652 astringit·
1886 2547 1961 2622 tum
1982 2561 2076 2621 vero

443 2653 534 2742 visis
565 2653 732 2768 ipsorum
752 2648 893 2736 iuribus
914 2662 952 2736 et
971 2647 1194 2768 privilegijs,
1224 2647 1339 2738 literis
1360 2645 1567 2738 eorundem
1613 2647 1782 2771 erleotis,
1812 2649 2018 2741 invenimus
2039 2661 2077 2754 et
2157 2681 2164 2696 ·

443 2802 486 2860 re
514 2769 652 2876 erimus
672 2762 929 2854 tantummodo
949 2795 1086 2854 novem
1107 2765 1203 2873 dies,
1228 2795 1325 2887 quos
1346 2768 1533 2864 annuatim
1554 2679 1612 2856 acl
1626 2781 1788 2854 castrum
1808 2771 2075 2876 Boleolowtlrcu

444 2885 470 2974 d
521 2900 583 2974 eut
603 2901 641 2974 et
660 2898 833 2974 tenentur
851 2883 1045 2972 laborare:
1077 2885 1272 2994 statuimus
1300 2889 1338 2972 e't
1356 2881 1670 2989 adiudicavimus,
1700 2882 2019 3002 concedimusque
2039 2895 2077 2972 et

443 2999 703 3096 adiudicamus
723 3033 793 3120 per
813 3017 1029 3118 presentes,
1060 3002 1217 3122 siugulis
1237 3006 1346 3092 aunis
1367 3020 1405 3092 et
1425 2997 1501 3092 non
1521 3003 1624 3122 plus,
1644 3018 1828 3122 perpetuo
1847 3017 1886 3089 et
1904 2999 1943 3090 iu
1963 3030 2075 3089 ewm.

309 3163 328 3187 .
445 3119 640 3238 Quocirca
659 3120 768 3209 vobis
784 3119 978 3237 tenutarr'js
999 3121 1036 3208 iu
1056 3127 1330 3224 Boteslowiecz,
1351 3139 1388 3209 et
1400 3117 1620 3242 burgrobijs
1635 3119 1874 3236 presentibus
1895 3135 1932 3211 ct
1944 3117 2076 3208 luturis

444 3238 687 3344 mandamus,
720 3251 758 3327 et
777 3239 924 3326 seriose
944 3238 1191 3358 precipimus,
1221 3241 1395 3358 quatinus
1414 3241 1519 3358 ipsas
1539 3237 1724 3329 moniales
1746 3254 1786 3328 et
1806 3239 1971 3358 ipsorum
1993 3235 2075 3348 (sic)

442 3351 615 3446 homiues
635 3355 841 3446 eorundem
861 3355 944 3470 (sic)
966 3357 1003 3444 in
1023 3353 1158 3446 eodem
1177 3359 1270 3464 iore,
1291 3375 1329 3448 et
1346 3387 1423 3448 uon
1442 3359 1481 3449 iu
1500 3355 1576 3461 alio
1595 3357 1848 3469 conseruatis,
1869 3371 1905 3444 et
1924 3383 2076 3447 conscr-

440 3501 539 3578 uarc
560 3473 750 3580 debeatis,
781 3475 853 3563 sub
884 3477 1017 3609 gracia
1047 3489 1192 3565 nostra.
1247 3473 1386 3566 Datum
1417 3479 1455 3564 in
1483 3481 1609 3580 Kotes,
1640 3469 1731 3564 tota
1752 3490 1888 3594 quarta
1906 3472 2077 3592 proximo

401 3641 403 3646 v
446 3607 531 3682 oute
559 3594 693 3682 lestum
724 3593 986 3682 Assumorouis
1016 3589 1158 3702 lllarie,
1193 3625 1294 3684 anuo
1325 3592 1464 3684 domiui
1492 3589 1685 3686 millesimo
1707 3588 2076 3714 quadn‘ogentcsimc

444 3713 700 3830 sexagesimo.
752 3709 886 3831 Sigillo
907 3727 1039 3801 nostro
1060 3711 1300 3830 presentibus
1321 3711 1576 3834 subappeuso.
1631 3708 1792 3805 Relaoio
1815 3704 2021 3816 reuerendi
2039 3705 2077 3796 iu

442 3819 599 3950 ¹Christo
615 3827 744 3946 patris,
764 3825 903 3918 domini
923 3825 1105 3952 Episcopi
1127 3827 1509 3936 Wlodislauieusisot
1522 3824 1651 3950 Regni
1665 3826 1826 3950 Polooic
1844 3823 2076 3946 Cancellarij.

436 4097 446 4142 ·:
547 4077 590 4162 p)
617 4077 738 4146 orioro
753 4037 881 4147 uacui
896 4075 1092 4186 Regni-dieto
1107 4079 1162 4148 uro
1176 4061 1290 4162 uxot.
1305 4079 1354 4147 or.
1368 4079 1440 4186 cro.
1801 4060 1804 4067 ’
