4870 5948
994 720 1339 796 ‘-33-

406 925 502 1012 inter
532 923 797 1011 contrahentes
829 937 1087 1014 convenerunt
1115 923 1269 1012 firmiter
1299 923 1511 1032 observari,
1552 925 1649 1014 solet
1679 939 1822 1034 tamen,
1855 943 1929 1017 tum
1961 955 2028 1044 per

407 1042 650 1144 oblivionem,
691 1056 765 1127 tum
795 1071 865 1158 per
894 1042 1155 1127 inficiationem
1186 1072 1356 1159 quoque,
1386 1043 1547 1132 humane
1580 1043 1802 1132 conditionis
1837 1044 2028 1133 infirmitas
2171 1049 2174 1055 ’

406 1161 597 1249 veritatem
620 1157 780 1245 celando
801 1159 1040 1274 prevaricari.
1086 1158 1257 1245 Valitura
1272 1163 1389 1278 igitur
1408 1161 1444 1247 in
1465 1178 1684 1278 perpetuum
1705 1191 1775 1280 per
1794 1161 1870 1251 boc
1890 1193 2029 1250 memo·
2093 1185 2101 1209 ⁸

407 1278 500 1364 riale
520 1279 801 1364 instrumentum
822 1274 1064 1362 confirmetur
1084 1279 1322 1392 permutatio,
1355 1307 1466 1394 quam
1487 1307 1562 1396 ego
1590 1279 1754 1366 lllicbael
1775 1279 2029 1396 Kuyaviensis

405 1393 634 1511 Episcopus,
656 1424 846 1481 consensu
867 1395 939 1480 mei
962 1393 1122 1511 Capituli
1144 1393 1305 1480 ecclesie
1326 1409 1457 1482 sancte
1477 1394 1597 1482 lllarie
1618 1396 1869 1486 Wlodislavie
1888 1399 2029 1484 veteris

407 1512 496 1614 leci,
527 1510 777 1627 permutando
798 1510 921 1596 villam
943 1542 1017 1630 que
1036 1518 1248 1596 Borcloor‘z
1265 1508 1320 1622 (²)
1351 1527 1522 1619 vocatur,
1554 1543 1639 1599 cum
1659 1514 1809 1600 Abbate
1830 1515 2029 1602 Willermo

408 1627 456 1714 de
472 1628 623 1743 Syluio,
642 1630 776 1714 ceteris
792 1630 967 1715 fratribus
982 1627 1081 1716 idem
1096 1628 1432 1734 consentientibus,
1450 1631 1634 1746 recipiens
1650 1661 1722 1749 pro
1738 1633 1825 1719 villa
1840 1633 2030 1730 nominata

408 1745 508 1832 aliud
528 1745 700 1863 predium
719 1744 950 1859 Lyboteblil)
972 1745 1128 1852 dictum,
1170 1763 1261 1866 quot
1281 1748 1390 1834 situm
1413 1763 1470 1834 est
1490 1749 1527 1832 in
1547 1778 1631 1836 mea
1653 1749 1819 1864 dyocesi.
1868 1747 2031 1865 thuot

411 1863 618 1949 secundum
640 1865 723 1980 pias
746 1865 1030 1951 constitutiones
1051 1865 1263 1982 imperiales
1284 1861 1359 1976 (⁴),
1391 1895 1438 1950 ne
1462 1895 1524 1953 res
1546 1895 1657 1953 sacre
1677 1866 1812 1954 domus
1831 1895 2030 1983 perperam

411 1981 565 2068 alienari
600 1982 747 2095 possint
778 1996 950 2086 cavelur,
986 1996 1061 2067 tam
1092 1982 1253 2067 ecclesie
1283 1995 1412 2069 nostre
1445 2013 1556 2100 quam
1587 1985 1688 2072 sacri
1718 1985 1863 2071 cenobii
1895 1983 2030 2071 domus

410 2098 670 2214 indempnitati
680 2098 753 2184 bac
768 2099 1039 2214 permutatione
1049 2097 1263 2214 prediorum
1276 2099 1504 2186 sufficienter
1519 2115 1578 2187 est
1592 2101 1812 2189 consultum.
1837 2099 2031 2214 Quantum

410 2217 506 2304 enim
528 2231 685 2330 utraque
704 2229 910 2301 memorata
928 2217 1124 2330 possessio
1146 2245 1194 2299 ex
1215 2213 1388 2301 distantia
1405 2216 1620 2331 prediorum
1641 2249 1663 2304 a
1685 2217 1857 2320 limitibus
1878 2246 2031 2304 suarum

410 2333 675 2435 ecclesiarum,
708 2344 783 2415 tum
805 2330 1031 2446 sumptibus
1060 2347 1134 2416 tum
1157 2345 1194 2416 et
1214 2333 1328 2418 variis
1349 2334 1408 2416 vie
1429 2331 1650 2448 dispendiis,
1672 2350 1747 2420 tum
1768 2350 1805 2420 et
1824 2335 2031 2450 principum

408 2449 645 2566 perangariis
678 2448 727 2535 ob
758 2477 937 2566 magnum
960 2448 1128 2562 spacium
1149 2463 1266 2544 terre,
1299 2463 1390 2564 quot
1420 2446 1506 2534 binc
1537 2449 1622 2535 inde
1643 2451 1910 2556 intervenerat,
1942 2478 2030 2536 raro

409 2564 510 2651 adita
532 2581 569 2650 et
589 2561 638 2650 ob
661 2563 735 2652 boc
756 2565 902 2650 minime
928 2563 1122 2650 defensata
1143 2565 1292 2681 fatigari
1312 2580 1582 2670 consueverat,
1614 2581 1739 2652 tamen
1760 2596 1860 2652 nunc
1879 2596 2031 2684 permu-

407 2682 546 2769 tatione
566 2683 684 2788 lacta,
715 2680 802 2768 villa
824 2681 872 2767 de
895 2687 1104 2796 Borctoor'z
1125 2682 1161 2765 in
1182 2681 1305 2766 vicino
1327 2680 1474 2766 cenobii
1494 2682 1619 2797 posita
1641 2698 1678 2769 et
1696 2682 1782 2769 villa
1804 2677 1852 2768 de
1873 2689 2031 2795 lytotrb

337 2905 342 2916 .
408 2801 444 2886 in
467 2814 597 2886 nostra
618 2797 787 2912 Dyocesi
808 2800 895 2904 sita,
912 2829 1049 2886 secura
1069 2796 1238 2917 gaudent
1259 2799 1393 2915 quiete.
1441 2798 1518 2884 Sed
1550 2829 1599 2912 ne
1629 2799 1840 2919 legentibus
1860 2800 2032 2894 videatur

411 2917 486 3004 boc
506 2918 643 3002 lactum
667 2915 823 3002 obviare
855 2915 1032 3003 voluntati
1053 2916 1247 3033 principis,
1279 2916 1451 3001 noverint
1480 2946 1633 3023 omneS,
1665 2931 1756 3035 quot
1776 2918 1873 3006 sicut
1890 2947 2031 3036 magna

411 3033 632 3138 liberalitate
662 3064 754 3120 usus
786 3049 847 3127 est¹
874 3033 961 3120 Dux
993 3032 1195 3120 Conradus
1226 3060 1310 3119 cum
1345 3032 1429 3118 filiis
1459 3034 1538 3120 suis
1573 3031 1775 3141 Bolezlao,
1814 3033 2030 3150 Kasimyro,

411 3151 625 3255 Semovito,
665 3150 896 3240 Zemomisto
933 3151 1034 3264 (sic),
1073 3153 1108 3236 in
1144 3149 1379 3238 absolutione
1409 3163 1652 3266 peccatorum
1691 3166 1728 3239 et
1756 3182 1828 3269 pro
1867 3151 2033 3240 remedio

410 3270 613 3354 animarum
655 3283 729 3354 tarn
769 3299 838 3355 sue
880 3297 992 3386 quam
1027 3297 1201 3372 suorum,
1247 3265 1479 3356 conferendo
1510 3265 1633 3354 villam
1665 3268 1713 3354 de
1742 3275 1902 3382 Lybotio
1933 3267 2033 3354 dicto

411 3386 596 3490 claustro,
617 3387 673 3471 sic
689 3399 726 3472 et
740 3385 989 3473 benivolentie
1006 3417 1074 3474 sue
1089 3385 1310 3472 beneficium
1325 3416 1399 3472 non
1416 3384 1567 3470 abstulit
1582 3387 1618 3470 in
1634 3387 1733 3472 lacta
1748 3385 2032 3501 permutatione.

265 3545 271 3554 ·
324 3543 362 3572 a
410 3499 461 3587 Et
480 3502 555 3588 boc
575 3503 697 3618 ipsum
714 3503 825 3589 etiam
846 3502 972 3618 placet
990 3505 1069 3588 suis
1090 3501 1194 3604 liliis,
1226 3514 1318 3617 quot
1338 3500 1475 3617 liquido
1498 3518 1653 3617 apparet
1674 3531 1743 3618 per
1762 3502 2032 3618 appensionem
2091 3533 2095 3546 ·

410 3617 618 3736 sigillorum
639 3634 714 3704 tam
733 3618 853 3704 Ducis
876 3619 919 3703 C.
942 3616 1112 3728 (onradi)
1134 3647 1244 3750 quam
1268 3615 1421 3703 filiorum
1444 3648 1609 3705 suorum.
1637 3619 1716 3705 Sed
1737 3650 1785 3704 ne
1805 3617 1936 3705 videar
1956 3647 2032 3736 ego

352 3839 356 3847 Ι
408 3734 497 3821 Dux
527 3733 571 3828 C.
592 3734 796 3847 (onradus)
827 3735 925 3822 velle
956 3750 1092 3822 statum
1125 3734 1211 3820 droti
1243 3732 1395 3820 claustri
1426 3733 1674 3842 deteriorare,
1705 3734 1958 3840 sicut‘villam
1984 3734 2032 3820 de

409 3859 567 3965 Lybotio
596 3881 667 3969 pro
699 3851 819 3939 salute
846 3853 968 3939 anime
999 3883 1080 3939 mee
1108 3849 1233 3938 datam
1265 3851 1314 3936 ab
1340 3854 1536 3940 exactione
1556 3853 1784 3970 publicarum
1805 3854 2031 3938 lunationum

410 3971 607 4056 immunem
636 3963 816 4076 feceram,
858 3973 914 4057 sic
935 3971 1043 4056 etiam
1071 3969 1168 4056 volo
1188 4000 1320 4056 omues
1341 3971 1457 4076 scire,
1496 3971 1616 4056 villam
1639 3969 1687 4054 de
1706 3975 1919 4054 Borctooz'z
1944 3996 2032 4055 esse

407 4085 562 4172 liberam
582 4087 631 4173 ab
652 4087 824 4175 omnibus
844 4087 1104 4208 perangariiS,
1132 4095 1395 4199 tamspcroloe
1425 4117 1536 4205 quam
1567 4087 1648 4173 aliis
1675 4086 1866 4194 omnibus,
1898 4087 2032 4206 quibus

460 4503 466 4517 .
506 4418 546 4516 (ᾗ)
584 4420 766 4518 tractabat·
783 4421 952 4519 oppidum,
979 4421 1123 4518 territorii
1148 4421 1335 4520 Qujaviensis
1361 4429 1472 4507 caput,
1502 4421 1541 4488 ad
1562 4421 1720 4490 Vistulam.
1763 4421 1938 4487 Borkowicc
1962 4421 2031 4488 villu

404 4504 1533 4687 regmml)Pltbbo'rilb'diiiillbbaerdddliiriliiibigbbidlliesmnsis·cujnripnsls.
1705 4673 1711 4687 Ι
1786 4672 1794 4686 0
1908 4649 1909 4652 ,

518 4673 544 4752 ⁴)
575 4671 815 4739 Constitutiones
830 4674 941 4738 Leonis
956 4680 987 4738 et
1000 4672 1166 4748 Anthemu,
1182 4681 1247 4738 tum
1263 4684 1295 4737 et
1308 4676 1472 4742 Anamasu,
1487 4695 1543 4741 nec
1555 4693 1616 4739 non
1631 4672 1794 4738 Justmiam
1805 4673 2029 4758 Imperatorum
2114 4691 2123 4718 ¹

405 4753 513 4850 doctus
535 4755 705 4839 Episcopus
727 4755 777 4821 hic
798 4757 864 4822 sine
886 4757 979 4824 dubio
1001 4756 1169 4840 significare
1191 4755 1293 4822 voluit
1322 4759 1391 4825 Vid.
1406 4757 1522 4824 consta
1540 4761 1589 4822 14.
1605 4764 1636 4822 et
1653 4757 1700 4821 ll.
1716 4757 1734 4825 l
1748 4756 1771 4820 Ι.
1788 4755 1864 4822 (lod.
1879 4757 1915 4823 de
1928 4780 2030 4824 socro-

404 4847 514 4902 scum
528 4839 655 4905 ecclesus
668 4839 707 4923 (1.
723 4841 763 4924 2.)
779 4848 811 4906 et
824 4841 939 4908 Novell.
953 4840 1111 4906 Iustiniani
1127 4840 1156 4904 l.
1171 4848 1203 4906 et
1216 4841 1288 4907 1120.
1555 4853 1558 4862 '

1794 4983 1798 4997 .
1825 4941 1843 4995 d
