4778 5952
1027 788 1200 866 -utu
1255 827 1300 843 -ν

973 1158 1296 1320 τωωοινιι.
1375 1189 1378 1194 ¹
1463 1276 1466 1282 ,

469 1439 543 1524 1u
568 1425 711 1528 vitto
737 1433 918 1539 unte,
944 1453 1099 1524 onon
1125 1431 1266 1523 1381
1293 1431 1345 1521 a.
1371 1433 1402 1520 1
1427 1452 1594 1520 meru.
1619 1428 1861 1542 donauit.

353 1633 894 1726 connumeramus
908 1639 942 1708 a
954 1633 1113 1721 nimus,
1133 1633 1282 1708 mnan
1294 1631 1413 1707 nmis
1428 1581 1861 1721 camerescensem
1874 1629 1981 1708 tutu

551 1735 720 1818 utonttn
733 1738 888 1815 tatros
903 1737 1031 1812 maen
1043 1734 1405 1828 pontentiacum
1419 1734 1564 1841 audeo,
1577 1731 1722 1810 mecm
1735 1737 1786 1820 (¹).
1820 1761 1822 1768 ’
2161 1765 2166 1772 ·

455 1965 562 2047 tcto.
602 1958 644 2044 ln
675 1959 823 2047 nomine
853 1959 1012 2062 domini,
1042 1985 1163 2044 amen.
1214 1957 1276 2044 Ad
1296 1973 1515 2080 perpetuam
1541 1961 1595 2046 rai
1622 1955 1848 2046 memoriam.
1897 1958 1981 2050 Etsi

352 2077 519 2197 dignitas
553 2077 662 2196 regia
696 2079 903 2164 comuniter
936 2077 1133 2166 consucvit
1167 2089 1275 2162 actus
1311 2077 1500 2194 singulos,
1537 2077 1619 2163 sinc
1648 2075 1869 2165 donacionis
1900 2079 1982 2166 siue

353 2193 656 2286 confirmacionis
691 2197 912 2282 sententiam
941 2197 979 2281 in
1010 2223 1054 2286 se
1082 2195 1335 2298 continentes,
1372 2205 1551 2310 perpetue
1580 2191 1763 2280 mandare
1793 2197 1994 2302 merenda,
2084 2259 2090 2266 -

352 2329 478 2400 temen
498 2312 650 2431 quilque
665 2308 721 2422 (²)
750 2339 820 2430 pro
842 2311 1063 2432 qomodo-et
1077 2311 1145 2426 pio
1162 2308 1216 2424 (³)
1237 2339 1307 2399 neu
1327 2311 1588 2428 religiosarum
1609 2337 1878 2427 personarnn,
1910 2314 1981 2400 sub
2140 2347 2142 2354 ’

340 2431 505 2522 ‘arctiori
527 2443 708 2546 precepto
728 2435 841 2548 alque
861 2431 1012 2548 regula,
1037 2430 1191 2546 legique
1207 2426 1250 2539 (⁴)
1271 2427 1537 2516 hcnbrecione
1556 2427 1631 2515 den
1651 2429 1910 2516 famolancium
1926 2426 1981 2542 (5),

352 2549 568 2666 specialiter
586 2573 634 2638 ac
655 2547 858 2634 studiosius
879 2547 1067 2633 literarum
1088 2546 1277 2662 apicibus,
1308 2545 1515 2664 sigillisque
1535 2547 1747 2651 autenticis,
1767 2563 1806 2634 et
1825 2546 1983 2634 testibus

353 2666 589 2788 perhennem
609 2664 738 2751 merito
759 2663 905 2751 debeat
955 2662 1123 2751 Proinde
1143 2661 1226 2749 Nos
1246 2661 1442 2748 lohannes
1462 2662 1641 2749 tilbertus
1661 2677 1731 2748 etc.
1779 2664 1982 2782 Signillce·

351 2809 437 2868 mus
456 2797 528 2869 etc.
579 2779 699 2894 Quod
718 2784 755 2869 in
775 2782 1054 2898 presenciarum
1077 2781 1172 2893 (sic),
1192 2778 1415 2898 Religiosns
1434 2777 1650 2866 terruimus
1664 2777 1726 2890 (θ),
1752 2777 1982 2875 honorabilia

353 2913 391 2988 et
408 2901 476 2986 reli
508 2901 577 2987 'osi
597 2899 777 3015 Stephani
797 2900 953 3005 Peioris,
972 2914 1014 2986 et
1032 2900 1153 2986 tocius
1173 2912 1384 2984 conuentus
1402 2899 1557 3008 fratrum
1576 2895 1717 2987 ordinis
1740 2897 1982 2986 Canthusien-

353 3017 426 3127 sis,
491 3018 667 3132 onasterij
687 3045 782 3104 vero
801 3017 933 3103 Sancti
953 3015 1129 3130 Anthonij
1151 3016 1188 3100 in
1208 3013 1421 3130 Leelrmcz,
1442 3025 1589 3133 suoque
1609 3015 1830 3122 nominibus,
1849 3041 1982 3120 coram

92 3167 97 3182 ·
145 3177 153 3190 ·
220 3215 222 3220 ,
353 3133 655 3221 exhioitis'nobis
675 3132 879 3252 priuilegio
899 3131 1011 3220 certis
1031 3132 1292 3248 infrascriptis,
1322 3123 1391 3248 per
1418 3133 1541 3220 diwos
1572 3133 1729 3220 Polonie
1748 3159 1883 3251 reges,
1912 3135 1981 3239 eis,

354 3248 556 3368 domuique
577 3252 745 3368 ipsorum
762 3251 967 3360 concessis,
987 3251 1101 3372 pecijt
1121 3277 1168 3338 ea
1188 3279 1259 3366 per
1277 3275 1349 3336 nos
1370 3250 1544 3338 ratilicari
1564 3265 1602 3338 et
1621 3247 1834 3338 confirmari
1854 3255 1982 3340 auctoss

352 3367 461 3456 ritate
480 3370 590 3488 regia
610 3383 751 3473 nostra.
798 3368 973 3482 Quorum
995 3369 1387 3477 enoreesueeessiue
1407 3383 1601 3454 secuntur:

455 3491 564 3574 1393.
604 3483 792 3604 Hadrigis
823 3487 884 3573 dei
913 3487 1045 3603 gracia
1080 3483 1232 3600 Regina
1267 3483 1447 3589 Polonic,
1482 3483 1764 3601 lithuanieqne
1794 3484 1981 3601 Princeps
2085 3563 2091 3572 .

193 3643 201 3658 ·
353 3629 547 3720 suprema,
573 3605 618 3689 et'
631 3603 743 3689 heres
763 3601 907 3689 Russie
928 3620 997 3689 etc.
1030 3601 1295 3718 Significamus
1314 3601 1448 3718 quibus
1469 3600 1621 3718 expedit
1639 3602 1842 3696 universis:
1863 3601 1982 3716 Quod
2043 3669 2046 3676 .

352 3718 479 3808 oblata
515 3720 651 3836 peticio
686 3716 853 3838 religiosi
888 3719 997 3805 Pauli
1032 3721 1175 3806 Prioris
1210 3717 1430 3837 lllonastcrij
1465 3719 1594 3806 Sancti
1629 3719 1826 3837 Anthonij,
1861 3747 1982 3837 prope

352 3837 505 3926 lluvitum
526 3844 735 3951 Duneyecz
755 3837 832 3943 siti,
860 3831 1001 3926 ordinis
1024 3837 1297 3943 Cartusiensis,
1328 3838 1446 3924 nostri
1461 3835 1593 3946 ⁴deuoti
1613 3836 1736 3924 dilecti
1756 3837 1982 3943 continebat,

431 3972 539 4046 anus
569 3951 712 4044 literam
732 3956 936 4073 papiream'
956 3956 1194 4043 serenissimi
1215 3953 1400 4073 Principis
1421 3955 1625 4043 recolende
1645 3956 1823 4042 memorie
1841 3953 1981 4041 domini

388 4071 591 4183 oderint)
613 4074 699 4160 olim
719 4072 918 4192 Hungurle
939 4087 978 4160 ct
996 4073 1157 4162 Polonie
1167 4066 1317 4191 Regis,
1338 4075 1521 4194 genitoris
1541 4067 1657 4158 nostri
1678 4072 1880 4175 carissimi,
1901 4073 1982 4160 eius

353 4214 447 4296 cau
467 4187 592 4309 sigillo
610 4216 797 4310 appresso
818 4194 1004 4295 mundam,
1026 4187 1223 4294 ratificare,
1249 4193 1446 4294 innonare,
1469 4189 1519 4275 de
1538 4189 1665 4275 innata
1685 4188 1793 4276 nobis
1813 4189 1981 4310 benigni

351 4321 430 4397 tale
447 4307 704 4427 dignarentur,
724 4308 832 4395 cuius
850 4308 1001 4424 quidem
1023 4308 1130 4395 litere
1145 4323 1255 4395 tenor
1274 4308 1441 4424 sequitur
1459 4321 1498 4398 et
1516 4321 1575 4392 est
1595 4306 1699 4393 talis:
1879 4329 1885 4340 ·

453 4557 497 4642 (²)
523 4557 573 4624 Er
587 4554 764 4655 apographo
780 4555 926 4654 latorem
935 4572 1034 4621 manu
1048 4553 1229 4638 scriptorum
1247 4554 1338 4639 rotgo
1358 4555 1507 4650 =Mcln'prre
1528 4554 1625 4640 Regni
1644 4554 1794 4628 dictorum
1817 4554 1847 4620 in
1869 4550 1980 4620 iem·

354 4641 447 4708 riensi
456 4642 609 4708 tabuledo
624 4641 745 4727 publico
759 4642 857 4726 Regni
873 4636 1019 4708 Poloniee
1032 4647 1256 4706 assentatorum
1271 4641 1327 4704 ΝΜ
1342 4640 1438 4705 ltVll.
1455 4661 1484 4725 p.
1499 4637 1541 4706 84
1554 4660 1620 4726 sqq.
1635 4647 1666 4704 et
1680 4641 1734 4706 N¹⁰
1749 4639 1863 4704 XXXI.
1876 4658 1905 4724 p.
1920 4641 1979 4706 lll
2008 4651 2016 4662 ·

352 4745 419 4879 aq.
441 4726 495 4792 ubi
516 4725 690 4792 continetur
704 4725 894 4791 confirmatio
916 4725 1006 4810 llegis
1028 4723 1210 4808 sigismundi
1232 4725 1304 4790 enni
1327 4723 1409 4791 1518
1432 4723 1517 4809 cujus
1538 4723 1677 4788 lectionis
1697 4723 1828 4790 varietas
1848 4723 1880 4789 in
1902 4723 1981 4790 nods

395 4817 491 4880 eruo
533 4809 569 4895 (²)
589 4809 718 4879 lalibm
732 4810 845 4880 XXXl.
859 4809 970 4904 upon
984 4806 1136 4895 quioquid
1177 4807 1210 4892 (³)
1232 4829 1296 4894 pro.
1340 4807 1373 4896 (⁴)
1392 4808 1456 4894 iugi
1467 4827 1599 4894 quoque
1644 4807 1677 4893 (³)
1699 4807 1771 4878 ntt
1780 4807 1925 4887 moenie,
1940 4805 1981 4872 id.

354 4893 389 4979 (θ)
409 4893 613 4961 Hieronimus
656 4893 691 4977 (ἲ)
712 4891 826 4962 Louici.
1591 4900 1595 4908 '
1627 4968 1632 4976 Ι

1774 4991 1810 5048 ³2
