4778 5952
998 767 1043 780 ..
1097 725 1272 800 235,-

322 958 429 1067 mate
456 927 508 1023 de
535 928 766 1064 beqignitatc
786 929 896 1018 solita
918 926 1171 1046 dignaremur.-
1213 927 1328 1014 Cuius
1349 923 1498 1044 pidem
1520 928 1650 1016 literae
1670 935 1778 1072 teum
1798 931 1953 1054 dignos

321 1065 529 1252 militib.
545 1046 754 1252 wlldderint
793 1165 956 1250 universi
986 1096 1251 1281 praesentium
1291 1097 1457 1254 notitiam
1498 1107 1674 1252 habituri:
1720 1165 1840 1279 Quod
1881 1195 1954 1258 nos

321 1282 552 1374 Pmeozlaus
572 1281 770 1371 Palatinus
791 1282 1032 1372 Galissiensis
1054 1296 1092 1368 at
1114 1280 1342 1398 Capitaneus
1363 1280 1547 1370 Polomae
1568 1283 1790 1399 generalia,
1804 1289 1955 1405 cupien-

321 1413 401 1507 t'cs,
432 1415 478 1488 ut·
491 1415 669 1516 tenetpur,
700 1401 802 1488 bona
823 1413 862 1488 et
881 1402 1033 1488 seruitia
1062 1399 1312 1486 Serenissimi·
1330 1400 1520 1517 Principis
1551 1400 1732 1488 Cazimiri
1752 1401 1811 1490 dei
1832 1407 1955 1520 gratia
2095 1421 2100 1434 '

320 1519 447 1638 Regis
464 1516 667 1626 Poloniae,
698 1548 843 1636 augere
864 1519 902 1605 in
923 1533 1098 1636 quantum
1118 1544 1340 1632 possumne,
1370 1516 1540 1606 Cresseli
1560 1518 1655 1626 alias
1673 1517 1822 1608 Lassek
1843 1519 1962 1608 Saul?

322 1645 403 1726 tetri
432 1637 585 1754 antiquo
616 1637 654 1722 in
683 1636 1065 1750 villadlorzyoouo,
1096 1634 1149 1721 ad
1165 1664 1261 1723 snos
1281 1635 1377 1721 duos
1397 1665 1554 1724 mansos
1583 1637 1788 1726 Scultetiae
1807 1638 1954 1744 ibidem,

322 1785 437 1844 unum
454 1763 626 1842 marsum
645 1753 801 1841 liberum
823 1755 892 1842 illis
914 1754 1063 1864 duobus
1084 1754 1294 1869 iungentes,
1316 1781 1386 1870 pro
1408 1751 1539 1840 decem
1560 1756 1697 1842 marcis
1717 1785 1954 1876 grossorum,

321 1872 374 1964 cd
402 1871 595 1959 utilitatem
625 1871 793 1961 mundam
819 1871 959 1959 domim
987 1872 1105 1960 nostri
1133 1870 1258 1990 Regis
1285 1867 1544 1982 condidimus,
1575 1887 1611 1958 et
1633 1889 1726 1960 su'aa
1746 1877 1954 1992 posteritati

241 2053 246 2069 ,
322 1988 513 2111 legitimae
530 2005 711 2107 perpetue
730 1989 1024 2107 possidendum,
1056 1989 1261 2077 tenendum
1279 2001 1317 2074 et
1334 1988 1566 2095 habendum,
1598 1995 1744 2104 suoque
1764 2021 1834 2110 pro
1855 1993 1955 2080 libitu

323 2106 638 2196 commutandum.
687 2107 927 2223 Adijcientes
966 2108 1087 2194 eidem
1128 2106 1299 2194 Czesselt
1343 2119 1381 2194 et
1420 2109 1498 2194 suis
1539 2109 1766 2219 sequacibus
1810 2111 1955 2198 tertium

305 2225 517 2315 'denarium
553 2223 602 2311 da
636 2225 803 2336 quolibet
828 2257 880 2312 -re
908 2225 1077 2342 judicata
1113 2255 1184 2310 seu
1213 2223 1425 2311 iudicanda.
1482 2223 1718 2333 Tabernam,
1749 2228 1955 2334 macellum,
2081 2250 2084 2259 ·

323 2359 510 2446 sutorem,
542 2355 751 2430 sactorem
782 2344 1031 2459 et'pistrinum
1063 2372 1147 2429 eum
1175 2343 1286 2430 horto
1306 2339 1422 2428 libere
1441 2357 1589 2447 tenere,
1620 2373 1692 2430 neo
1710 2351 1787 2432 'non
1808 2359 1955 2462 pratum

321 2462 417 2553 inter
436 2460 561 2581 gades
578 2459 850 2551 haereditatum
875 2465 1064 2574 {lapillosa
1085 2461 1122 2546 el
1143 2465 1353 2546 Drzolerta'
1369 2463 1453 2545 edm
1472 2458 1600 2567 labro,
1615 2489 1735 2580 agros
1751 2461 1812 2550 ubi
1828 2461 1954 2580 a'ptum

323 2580 432 2666 luerit
462 2578 606 2696 algere
633 2577 757 2664 habet.
808 2577 963 2664 lnoolse
992 2592 1115 2664 autem
1146 2579 1264 2696 ipsius
1294 2576 1554 2682 haereditatis,
1584 2607 1655 2694 pro
1677 2608 1794 2668 censu
1817 2579 1955 2667 domini

322 2695 446 2817 Regis
465 2695 515 2783 ad
536 2697 670 2783 festum
691 2695 792 2782 beati
819 2693 970 2784 Martini
989 2713 1156 2782 marcam
1178 2703 1423 2813 grossorum,
1459 2694 1624 2804 quolibet
1643 2725 1744 2784 anno
1766 2696 1814 2786 da
1835 2700 1956 2784 cuius·

308 2815 380 2903 -vis
399 2843 546 2919 neusa,
567 2813 803 2901 etlertonem
823 2813 985 2931 plebano
1005 2809 1141 2900 ibidem
1163 2812 1314 2900 soluere
1334 2811 1569 2898 tenebtmtur,
1596 2813 1666 2900 Ad
1681 2816 1815 2902 lestdm
1832 2831 1957 2902 eutem

322 2931 511 3036 Pessime,
530 2931 606 3018 duo
627 2931 746 3017 latera
767 2933 946 3034 carnium,
968 2930 1029 3018 vel
1049 2928 1249 3018 duodecim
1270 2943 1402 3019 scotos
1423 2959 1647 3049 grossorum
1670 2946 1707 3020 et
1722 2963 1791 3049 per
1803 2932 1956 3050 triginta

324 3078 399 3139 aua
430 3047 581 3159 quilibet
611 3047 770 3139 Cmetho
791 3048 940 3136 soluant
964 3047 1059 3159 (sic)
1086 3048 1263 3138 indilatae
1282 3049 1391 3161 (sie).
1442 3048 1513 3134 Die
1535 3050 1802 3165 assumptionis
1819 3047 1957 3138 beatae

323 3167 480 3286 virginis
514 3163 662 3252 Mariae
693 3165 805 3254 duos
839 3186 910 3282 per
945 3175 1114 3284 capones
1157 3167 1322 3284 ipsomm
1364 3165 1523 3278 quilibet
1553 3167 1819 3284 praesentabit.
1875 3167 1956 3254 Pro

323 3282 486 3373 aduentu
507 3299 641 3371 autem
672 3283 812 3371 donini
841 3283 965 3404 Regis
997 3284 1149 3404 quilibet
1177 3285 1300 3402 pullos
1327 3315 1396 3400 per
1423 3282 1532 3370 duos.
1582 3281 1831 3372 ludicicnalia
1862 3285 1955 3372 inira

323 3432 461 3490 annum
492 3403 583 3506 tria,
615 3401 807 3520 quodlibet
832 3434 902 3520 per
928 3404 1130 3509 lemanem,
1173 3403 1404 3488 Cmcthones
1435 3401 1529 3502 duo,
1562 3415 1598 3486 et
1625 3402 1814 3490 Scoltetu's
1842 3433 1955 3487 unum

157 3528 163 3536 '
323 3520 474 3606 soluere
506 3520 695 3606 annuatim
724 3533 812 3606 suot
832 3519 1010 3606 adstricti
1062 3519 1212 3605 Seruiet
1230 3520 1357 3641 itaque
1379 3513 1570 3603 Scultetus
1591 3534 1807 3634 praetactos
1838 3533 1876 3603 et
1896 3519 1954 3604 sui

323 3661 511 3754 sequaoes
532 3635 582 3721 ad
604 3637 759 3754 quaevis
780 3637 933 3770 negotia
955 3637 1094 3723 domini
1110 3635 1239 3754 Regis
1265 3635 1327 3722 vel
1345 3635 1425 3721 eius
1448 3633 1664 3753 Capitonei,
1700 3637 1737 3720 in
1758 3665 1856 3772 equo
1877 3647 1954 3722 tres

106 3781 115 3808 ·
244 3793 253 3804 ·
322 3783 474 3844 marcas
503 3752 663 3841 valente
714 3753 757 3841 ln
788 3781 895 3841 curus
929 3755 986 3842 rei
1002 3754 1280 3861 testimonium,
1297 3819 1299 3824 -
1317 3768 1537 3872 praesentes
1569 3754 1682 3842 scribi
1711 3754 1886 3841 iussimus
1919 3767 1956 3840 et

322 3873 441 3959 nostri
462 3873 697 3990 appensione
714 3872 824 3992 sigilli
845 3872 1026 3960 roborari
1044 3915 1046 3920 ·
1061 3872 1220 3991 Insuper
1237 3873 1371 3961 danus
1390 3885 1574 3992 perpetuo
1592 3871 1710 3961 eidem
1727 3869 1896 3959 Czesseh
1916 3883 1957 3956 et
2018 3961 2024 3991 r

323 3989 450 4078 liberis
471 3990 549 4078 suis
571 3991 806 4081 venationem
827 4021 911 4077 cum
932 3993 1015 4079 niso
1037 3991 1319 4110 Squisoularum
1330 3987 1384 4104 (²),
1406 4004 1443 4078 et
1458 3993 1619 4078 iumenta
1639 3991 1674 4077 in
1692 3989 1954 4076 communitate
2016 4021 2033 4057 a

323 4136 478 4194 suorum
498 4108 704 4195 vicinorum
726 4139 893 4196 seruare.
940 4108 1077 4196 Datum
1099 4125 1137 4196 et
1156 4125 1281 4196 actum
1300 4116 1461 4208 Srzode,
1497 4108 1666 4194 Sabbata
1687 4121 1774 4222 post
1795 4107 1953 4192 octenas
2008 4119 2010 4124 ’

323 4223 506 4341 Corporis
529 4223 684 4326 Christi,
710 4223 822 4312 Anno
843 4225 1057 4311 Natiuitatis
1078 4225 1245 4313 eiusdem
1270 4223 1467 4311 Millesimo
1489 4223 1769 4311 Trecentesimo
1791 4251 1952 4342 sexage-

323 4343 419 4429 simo
440 4369 553 4428 nona.
594 4339 865 4427 Praesentibus
887 4340 1056 4430 dominis:
1076 4342 1255 4431 lanussio
1275 4338 1533 4429 Bochouiensi
1557 4339 1784 4449 Castellano‚
1807 4339 1953 4428 Thema

424 4589 465 4672 (²)
492 4590 565 4656 Aris
579 4609 659 4676 quaa
674 4609 691 4654 a
705 4588 841 4653 Linnaeo
853 4589 982 4674 ,Tqrdos
994 4588 1112 4673 pilonii,
1135 4589 1272 4672 polonice
1285 4590 1431 4666 Kwiczot·
1441 4591 1613 4674 germanice
1630 4587 1753 4666 Zirioer,
1768 4588 1951 4653 Krommets-
1980 4641 1981 4644 ,

322 4671 410 4756 copel
424 4673 542 4738 dieitur.
568 4673 615 4740 Gt.
630 4672 721 4757 Grep.
737 4671 802 4736 Coo
823 4674 847 4736 ii
859 4671 889 4737 S.
903 4673 931 4737 J.
947 4672 1119 4738 Thesaurus¹
1136 4673 1521 4740 Polono-Latino-Gmeous
1536 4673 1700 4740 Graeculae
1715 4673 1758 4740 hl.
1771 4671 1834 4738 DC.
1845 4673 1952 4736 XLlll.

323 4776 349 4822 s.
365 4776 390 4822 r.
404 4755 545 4834 Kwiczot,
558 4759 612 4823 uhi
626 4758 653 4823 le
675 4757 750 4823 itur:
773 4695 942 4835 „debeam
957 4757 1152 4844 Sipiaouodo
1168 4755 1291 4825 delanio
1305 4761 1441 4845 ipuotcm
1456 4781 1471 4824 e
1485 4779 1546 4845 quo
1561 4757 1694 4841 triaque?
1712 4765 1743 4822 et
1758 4755 1789 4822 ὃ.
1805 4756 1842 4822 Β.
1857 4755 1954 4822 Linde

321 4838 462 4906 Slownil
477 4839 589 4926 Jezyto
602 4778 762 4927 uobuego
778 4863 801 4906 s.
817 4861 843 4908 r.
857 4842 1007 4908 Kwiezol.

1747 4941 1794 4997 ao
