4904 5934
983 727 989 732 ’
1110 739 1384 812 -146-

1150 1043 1348 1158 lxxxi.

919 1251 1210 1404 centenae,
1237 1324 1403 1390 aaron
1418 1300 1585 1392 1292.
1644 1231 1656 1398 ,ι
1719 1231 1724 1238 -

306 1480 308 1490 '
430 1506 742 1582 tremiscens
756 1507 816 1578 11
829 1507 900 1580 nux
913 1507 1060 1581 rorone
1074 1507 1341 1602 salomonum
1355 1507 1504 1580 cinnomo
1519 1508 1587 1601 aa
1600 1525 1655 1599 pe
1671 1507 1786 1576 conoe
1799 1507 1968 1600 numne,
1982 1495 2061 1584 ocu

430 1611 539 1684 cotom
562 1609 752 1682 domicilium
774 1609 835 1683 sibl
858 1609 1089 1682 constituturos
1111 1610 1264 1698 tironos,
1285 1626 1341 1681 noc
1356 1625 1418 1681 non
1431 1614 1623 1682 morootonos
1645 1607 1852 1683 boiosiousoo
1870 1628 1990 1685 morcon
2004 1629 2061 1706 oon

471 1707 663 1804 libididem
676 1711 783 1785 nillum
796 1711 1052 1801 umnnolonton,
1074 1707 1239 1800 eportorii
1253 1709 1411 1782 solutione
1425 1710 1550 1799 luerat,
1572 1709 1684 1799 linum
1700 1725 1828 1785 censum
1842 1711 1880 1786 la
1895 1712 2017 1786 cm„

748 1829 917 1904 luunonum
930 1809 1070 1883 biennis
1084 1809 1363 1900 nrououinntonln
1375 1815 1558 1902 usmetu-
1573 1810 1671 1885 lonut
1685 1811 1736 1898 (Ι).
1771 1830 1776 1841 ·
1829 1813 1833 1820 “
1901 1813 1911 1832 ·

531 2033 745 2123 innomine
766 2031 914 2136 domini,
935 2062 1057 2121 amen.
1096 2031 1225 2120 Multis
1245 2032 1456 2122 incomodis
1481 2030 1686 2149 prudenter
1706 2037 1952 2142 oceumimus
1974 2061 2058 2122 cum

430 2155 541 2241 etatis
560 2169 690 2240 nostre
711 2150 873 2270 negocia
893 2149 1095 2239 litterarum
1116 2181 1164 2238 ac
1184 2153 1340 2238 testium·
1352 2151 1549 2238 munimine
1569 2151 1804 2238 roboramus.
1845 2151 1928 2240 Nos
1947 2153 2060 2272 igitur

429 2267 591 2359 Premisl
622 2269 811 2356 secundus
843 2267 903 2354 dei
934 2271 1067 2390 gracia
1098 2269 1186 2356 Dux
1217 2269 1376 2357 Polonie
1406 2280 1534 2354 nolum
1562 2267 1719 2354 iacimus
1747 2271 1952 2374 universis,
1983 2285 2058 2357 iam

427 2387 614 2508 presentis
635 2390 742 2474 elatis
763 2384 973 2475 hominibus
996 2417 1107 2506 quam
1128 2387 1259 2492 future,
1285 2386 1387 2504 quod
1409 2387 1469 2503 pia
1491 2384 1803 2472 consideracione
1824 2387 2058 2475 intendentes

197 2493 201 2500 ¹
297 2595 319 2624 x
427 2507 609 2624 proiectuj
632 2517 670 2588 et
685 2503 936 2592 melioracioni
958 2520 1056 2594 terre
1073 2521 1202 2592 nostro
1222 2517 1260 2590 el
1275 2506 1434 2591 civitatis
1457 2502 1693 2608 Kalisiensis,
1714 2515 1755 2588 ut
1770 2504 1805 2589 in
1822 2505 2058 2594 facultatibus
2136 2526 2144 2542 ·

454 2623 589 2740 ropriis
611 2623 807 2737 ampliata,
839 2637 1021 2710 consueta
1042 2623 1150 2710 mobis
1171 2621 1333 2708 servicia
1352 2620 1497 2706 facilius
1517 2618 1642 2709 valeat
1661 2621 1835 2738 impertiri,
1857 2623 2058 2709 universos

427 2655 598 2828 [omines
619 2751 756 2824 lernam
779 2753 947 2826 nostram
969 2739 1114 2826 ratione
1135 2739 1339 2826 mansionis
1360 2739 1539 2826 intrantes
1555 2766 1624 2853 per
1645 2734 1876 2850 Olobocb(²)
1897 2747 1936 2826 'et
1949 2739 2057 2826 cives

428 2871 582 2944 nostros
613 2853 850 2943 Kalisienses
882 2885 965 2942 cum
998 2857 1194 2942 mercibus
1217 2857 1384 2973 ipsorum
1415 2877 1484 2972 per
1507 2857 1606 2962 viam
1628 2855 1785 2943 eandem
1806 2867 2057 2962 transeuntes,

427 2973 478 3061 de
498 2973 674 3089 theloney
694 2973 925 3061 absolvimus
947 2971 1153 3078 solucione,
1175 2969 1361 3060 donantes
1382 2971 1526 3059 eisdem
1548 2973 1693 3061 civibus
1713 2975 1854 3061 nostris
1875 3001 1923 3061 ex
1942 2973 2057 3091 pleni·

426 3089 555 3179 tudine
587 3093 720 3210 gracie
755 3105 884 3178 nostre
921 3107 1087 3177 censum·
1112 3088 1161 3176 de
1191 3092 1351 3178 cameris
1382 3089 1530 3176 duabus
1560 3090 1640 3177 sitis
1676 3091 1712 3176 in
1744 3090 1879 3178 eadem
1896 3092 2067 3200 civitate

427 3205 633 3296 Kalisiensi
651 3237 722 3325 pro
743 3209 877 3325 pannis
896 3208 1106 3296 condendis
1127 3209 1163 3294 im
1183 3207 1388 3296 subsidium
1405 3207 1552 3310 civitati,
1574 3223 1757 3326 perpetuo
1774 3205 2055 3325 possidendum.

427 3323 470 3413 lm
492 3326 598 3413 cuius
618 3327 673 3411 rei
694 3325 941 3412 testimonium
961 3339 1162 3444 presentes
1183 3326 1426 3412 conscribere
1439 3327 1641 3441 jussimus,
1666 3327 1778 3444 sigilli
1799 3327 1915 3412 nostri
1936 3326 2055 3412 muni-

426 3443 525 3528 mine
553 3441 780 3530 roborantes
841 3441 1089 3542 Presemlibus
1117 3443 1173 3529 his
1201 3443 1357 3530 testibus
1390 3442 1616 3530 Comitibus:
1648 3444 1806 3531 Alberlo
1837 3442 2056 3530 Castellanu

426 3559 475 3648 de
504 3557 726 3670 Cdooso'o(³)
753 3557 856 3672 (sic),
887 3559 1105 3676 Sendyvoio
1137 3559 1426 3648 Subcamerario
1458 3559 1682 3668 Kalisiensi,
1714 3561 1865 3647 domino
1896 3560 2056 3649 Thilono

425 3676 628 3796 preposito
650 3673 697 3762 de
718 3677 877 3764 Santok.
913 3675 1003 3798 Ego
1024 3678 1143 3764 Jasco
1164 3677 1346 3764 Notarius
1367 3676 1504 3794 duminj
1526 3679 1598 3794 mej
1619 3677 1739 3766 Ducis
1760 3677 2056 3797 supranominati

424 3795 483 3882 his
504 3797 623 3883 eciam
644 3795 808 3898 interlui,⁴
840 3809 878 3882 et
896 3793 945 3881 de
966 3793 1143 3882 mandato
1172 3795 1287 3911 ipsius
1316 3797 1469 3913 propria
1490 3825 1602 3882 manu
1622 3797 1819 3913 subcripsi.
1858 3796 1997 3882 Actum
2015 3805 2055 3879 et

274 3917 277 3922 ’
424 3911 552 4001 datum
572 3915 610 4002 iu
630 3917 746 4016 Kalc's,
769 3941 869 4000 anno
889 3913 1021 4032 gracie
1041 3912 1179 4030 dominj
1201 3911 1259 4000 Μο
1281 3912 1365 4002 CC⁰
1385 3914 1635 4033 nonagesimo
1655 3912 1839 4004 secundo.
2023 4006 2030 4020 ,

498 4155 501 4164 ’
527 4161 562 4246 (¹)
590 4152 735 4228 Elabula
758 4162 930 4228 authentica
953 4163 1184 4228 membranacea
1206 4159 1327 4227 doctiss
1348 4159 1567 4249 Stronezydoeii
1582 4158 1724 4252 propriu,
1745 4159 1832 4248 cujus
1846 4159 1976 4248 sigillum
1988 4157 2052 4247 jum

425 4245 625 4322 desideratur,
639 4245 791 4312 funiculus
807 4256 919 4326 cutem,
934 4265 996 4332 quo
1012 4265 1180 4333 appensum
1197 4255 1271 4323 erat
1286 4245 1353 4312 ssavi
1369 4245 1480 4312 coloris
1494 4255 1549 4316 eet

539 4333 552 4372 ²
591 4329 660 4395 Vid.
675 4329 902 4398 nunomtidncm
919 4333 1039 4398 tertiam
1055 4330 1094 4396 ad
1108 4331 1242 4398 tabidam
1258 4332 1301 4398 N⁰
1314 4331 1391 4396 le.
1407 4331 1612 4415 praemissum.

539 4421 551 4458 ³
590 4414 667 4481 Vide
682 4415 721 4482 ud
736 4415 870 4484 tabidum
884 4416 940 4483 ΝΜ
953 4415 1096 4484 XXXIV.
1112 4413 1308 4502 praemissum
1323 4416 1551 4484 annotationem
1566 4421 1714 4484 ocinum.
