4800 5942
995 785 1060 837 -,
1095 743 1167 820 sm
1225 783 1272 800 -

320 943 508 1032 bominum
540 942 770 1047 collocandi,
802 945 883 1030 sine
912 957 1036 1052 tamen
1065 943 1268 1061 prciudicic
1294 956 1507 1032 nostrarum
1538 944 1719 1062 regalium
1751 949 1950 1039 civitatum.

318 1059 370 1150 Et
389 1076 429 1149 ut
449 1063 531 1180 ipsa
553 1063 684 1148 civitas
705 1063 786 1148 sivc
807 1060 979 1179 opidum,
1014 1075 1116 1148 tanto
1149 1062 1308 1148 celerius
1339 1060 1600 1150 condicionem
1631 1065 1753 1177 possit
1781 1068 1951 1186 recipcre

319 1179 538 1284 meliorem,¹
559 1207 607 1266 ac
634 1179 820 1266 hominum
851 1179 1061 1297 pluralitate
1082 1177 1280 1283 collocari,
1311 1180 1347 1266 in
1369 1209 1416 1265 ca
1435 1179 1553 1265 iorum
1576 1181 1736 1268 annuale
1756 1183 1835 1271 sive
1856 1219 1950 1275 nun-

319 1298 447 1402 dinas,
468 1298 504 1383 in
523 1298 621 1384 [esto
641 1297 928 1415 Assumpcionis
948 1297 1162 1384 beatissime
1181 1297 1339 1416 virginis
1359 1295 1491 1401 Mario,
1512 1297 1619 1383 annis
1641 1297 1697 1384 sin
1729 1300 1809 1405 ulis,
1830 1304 1949 1392 iorum

317 1445 411 1504 varo
431 1413 696 1532 septimanoie,
724 1416 825 1531 scrijs
846 1415 980 1620 ‹ppintis
1000 1416 1037 1502 in
1058 1411 1222 1532 qualibet
1242 1415 1449 1533 s'eptimaua
1470 1413 1556 1501 anni
1578 1329 1790 1526 cuiuslibet,
1821 1423 1949 1508 stetui-

242 1565 251 1584 ·
318 1563 403 1619 mus
423 1547 460 1620 et
479 1533 670 1650 ponimus,
703 1535 860 1650 tempori
889 1563 934 1620 us
954 1533 1145 1651 perpetuis
1166 1532 1453 1621 celebrandum:
1483 1530 1617 1619 dantes
1638 1549 1675 1620 et
1695 1535 1950 1626 concedentes

317 1649 467 1769 plenam
488 1649 715 1759 libertatem,
736 1650 909 1738 omnibus
931 1661 969 1736 et
987 1651 1147 1767 singulis
1167 1649 1449 1755 mercatoribus,
1471 1665 1508 1736 et
1528 1650 1720 1767 quibusvis
1740 1651 1950 1745 bominibus
2071 1683 2076 1692 ’

318 1798 435 1856 sexus
456 1768 666 1886 utriusque,
696 1769 745 1856 ad
766 1767 972 1886 predictam
995 1769 1177 1855 civitatem
1199 1769 1279 1855 sive
1301 1767 1463 1885 opidum,
1485 1782 1521 1853 et
1541 1766 1589 1852 ad
1611 1767 1709 1856 dicta
1731 1771 1812 1858 fora
1834 1801 1950 1860 annu·
2038 1829 2043 1840 -

318 1885 391 1973 alia
413 1900 450 1973 et
465 1885 733 2004 septimanalia,
754 1916 838 1974 cum
856 1888 1022 2003 ipsorum
1044 1886 1159 1972 rebus
1175 1899 1212 1972 ct
1226 1886 1449 2001 mercancijs
1465 1885 1660 1988 universis,
1683 1889 1950 2009 cuiuscumque

370 2003 689 2122 neris,'pcnderis
710 2005 769 2091 vcl
792 2006 932 2122 speciei
951 2004 1095 2110 fuerint,
1115 2003 1300 2110 veniendi,
1321 2003 1479 2108 emendi,
1501 2003 1725 2110 comutendi,
1747 2034 1794 2092 ac
1814 2037 1949 2095 sccun-

318 2031 406 2208 dbm
437 2121 710 2237 beneplacitum
741 2125 908 2240 ipsorum
936 2121 1180 2239 disponendi,
1211 2121 1336 2210 acad
1363 2123 1534 2240 propria,
1567 2120 1759 2238 dispositis
1786 2125 1845 2211 vei
1874 2155 1950 2212 non

318 2237 521 2356 dispositis,
542 2237 736 2326 redeundi.
787 2240 1065 2330 Decemcntas:
1093 2241 1198 2355 ipsos
1222 2241 1259 2327 in
1280 2239 1502 2326 accedendo
1524 2253 1561 2325 ct
1579 2239 1798 2329 recedendo
1820 2258 1951 2331 nostra

316 2357 427 2474 potiri
448 2358 668 2464 securitate,
697 2358 771 2450 nisi
792 2346 886 2444 tales
908 2359 999 2461 sint,
1030 2385 1127 2476 quos
1142 2360 1231 2477 jura
1251 2388 1333 2465 non
1347 2357 1581 2473 permittunt,
1602 2371 1640 2442 ct
1660 2357 1794 2476 quibus
1817 2363 1948 2449 merito

315 2473 393 2560 iidc
422 2472 623 2594 dignorum
655 2477 855 2563 consorcia
886 2474 1133 2589 denegantur.
1190 2463 1419 2562 Mandemus
1450 2487 1678 2589 eapropter
1708 2476 1880 2562 omnibus
1910 2493 1951 2564 ct

316 2593 476 2712 singuiis
487 2592 959 2709 Capitoneis,Ccstelianis,
975 2593 1213 2720 Burgrebijs,
1230 2592 1547 2679 Procuratoribus
1564 2605 1601 2676 et
1615 2595 1696 2706 elps
1714 2587 1951 2681 Offic'ialibus
2092 2603 2096 2620 '

315 2707 444 2829 Regni
465 2712 584 2798 nostri
605 2711 922 2830 quibuscumque,
954 2721 991 2800 et
1015 2711 1212 2826 presertim
1242 2708 1400 2796 Maioris
1430 2709 1607 2794 Poicuic:
1639 2723 1823 2821 quatenus
1844 2712 1951 2827 ipsos
1988 2735 1991 2744 '
2046 2709 2054 2721 ’

316 2840 568 2930 mercatores,
582 2829 810 2917 cthcmine's¹
833 2855 948 2915 sexus
969 2825 1241 2944 utriusquaad
1263 2841 1468 2943 protactam
1490 2827 1675 2919 civitatem
1697 2826 1781 2932 sive
1798 2827 1950 2944 cpidum
2051 2883 2053 2890 s

315 2949 607 3054 Srorj’otlttowo,
643 2945 771 3032 acad
801 2945 973 3062 predicta
1003 2945 1086 3032 icra
1116 2945 1290 3032 annualia
1320 2957 1359 3029 et
1389 2943 1667 3060 septimaoatia,
1703 2959 1787 3030 curn
1818 2972 1949 3030 corum

315 3061 443 3167 bonis,
463 3062 697 3176 'merccncijs
715 3075 752 3145 ct
773 3061 908 3164 rebus,
938 3061 1059 3148 iibere
1075 3075 1112 3147 ct
1131 3063 1212 3148 sine
1234 3063 1368 3178 quovis
1389 3061 1651 3178 impedimento
1673 3062 1743 3164 ire,
1764 3061 1893 3147 venire
1913 3075 1951 3146 ct

315 3177 458 3286 redire,
480 3193 583 3266 stare
603 3206 651 3264 ac
672 3179 821 3298 morarij
833 3245 842 3282 ,
872 3190 984 3293 prout
1004 3178 1095 3292 ipsis
1115 3206 1245 3265 eorum
1267 3180 1478 3265 necessitas
1499 3179 1737 3296 persuaserit,
1759 3179 1950 3294 permitta—
2034 3269 2039 3274 ,

315 3299 383 3402 tis,
414 3310 452 3383 ct
470 3295 615 3412 iacietis
635 3295 814 3414 permitti,
836 3295 967 3414 gracie
988 3307 1118 3400 nostro
1138 3295 1211 3382 sub
1230 3295 1394 3382 obtentu.
1446 3293 1611 3399 Harum,
1632 3293 1766 3410 quibus
1788 3294 1948 3412 sigillum

278 3455 286 3476 ·
315 3429 485 3503 nostrum
506 3429 565 3503 est
583 3423 814 3532 appensum,
845 3414 1057 3500 testimonio
1078 3413 1278 3499 literarum.
1333 3412 1470 3499 Actum
1501 3417 1698 3511 Craccoic,
1730 3412 1821 3498 foria
1843 3427 1950 3499 sextu

314 3532 488 3651 proxima
518 3529 605 3618 onte
635 3532 768 3618 festum
805 3531 934 3617 Sancti
970 3529 1166 3645 Laurencij
1202 3529 1380 3615 Martiris.
1441 3530 1554 3614 Anno
1587 3527 1725 3614 domini
1755 3528 1948 3614 millesimo

151 3663 160 3676 “
316 3647 687 3768 quadringentesimo
708 3650 897 3736 tricesimo
919 3662 1067 3735 octavo.
1118 3647 1366 3734 Prescntibus
1391 3645 1526 3733 ibidem
1547 3645 1781 3763 Magnificis‚
1805 3641 1949 3729 Nobili-

315 3767 387 3856 bus
409 3778 446 3854 ct
466 3767 682 3856 Strennuisr
712 3765 887 3852 dchanuc
916 3764 965 3852 de
998 3769 1172 3879 Czyssow
1205 3765 1470 3868 Cracovicnsi,
1502 3780 1538 3850 ct
1557 3763 1731 3868 «iohanne
1751 3761 1801 3848 de
1820 3766 1949 3846 Μελίη

314 3883 524 3989 Brcstcnsi,
543 3883 746 3990 Paicduis3
777 3883 900 3970 Paulo
921 3883 972 3969 dc
990 3891 1220 3997 Byscupicze
1239 3881 1541 4000 Maicgosticnsi,
1563 3897 1597 3969 et
1619 3878 1878 3995 Dubrogcstic
1899 3877 1949 3966 dc

319 4006 433 4090 corno
466 4002 712 4107 Camenensi,
744 4001 989 4108 Castelianis3
1026 4002 1218 4090 Abrabam
1250 4001 1299 4088 de
1328 4008 1578 4112 Drbomctpo
1608 3995 1879 4097 Poznaniensi,
1911 4009 1949 4082 ct

314 4117 489 4206 Jcbanne
515 4119 602 4235 Rey
624 4121 890 4252 Craccviensi,
921 4119 1152 4254 ³⁰d5⁰5bt¹⁸i
1169 4150 1217 4206 ac
1237 4118 1319 4237 alijs
1339 4120 1505 4254 pluribus
1526 4116 1601 4248 fide
1622 4113 1756 4228 dignis,
1807 4109 1948 4198 Dauum
2055 4200 2057 4206 ,

314 4261 556 4469 bibiti?
576 4235 1280 4470 distantiarum
1295 4233 1608 4461 tttttttttt
1627 4227 1949 4464 turtum

315 4473 425 4562 nobis
446 4473 594 4558 sincere
615 4470 844 4556 dilectorum.
946 4503 950 4511 ’
1068 4517 1071 4526 ·
1788 4473 1791 4480 ’

363 4701 387 4792 n
417 4589 480 4724 dd
500 4590 727 4794 reidacioncm
748 4587 942 4710 Magnifici
962 4586 1147 4676 Johannis
1168 4587 1217 4674 de
1241 4591 1484 4698 Cooeozpcle,
1515 4581 1643 4701 Regni
1665 4582 1825 4669 Pcicnie
1845 4579 1945 4668 Can-

317 4709 645 4824 mmmm

1633 4949 1773 5040 '‘di
