4788 5926
909 740 1267 840 ,far-

431 935 496 1042 „ln
512 940 660 1026 nonina
676 954 831 1024 sanctae
848 953 885 1023 et
900 937 1121 1059 individuaex
1129 940 1307 1025 trinitatis.
1326 939 1426 1058 'Ego
1446 940 1652 1028 Casimirus
1670 940 1756 1028 Dux
1773 942 1964 1030 Potoniae

261 1059 269 1074 '
331 1074 458 1144 noturn
479 1059 595 1144 iuoio”
618 1069 688 1141 eto.
731 1061 832 1162 (tiu.
847 1063 1081 1169 preindeqium
1099 1064 1170 1141 doc
1190 1064 1284 1142 anni
1300 1063 1385 1142 tltu
1405 1060 1458 1146 N”
1477 1057 1543 1144 lV.
1561 1064 1832 1170 praemorsam).

431 1174 474 1260 ln
494 1174 588 1260 villis
605 1190 728 1260 autern
746 1176 869 1261 bonae
885 1175 1087 1260 memoriae
1108 1175 1226 1260 Ducis
1246 1172 1446 1261 Lestconis
1462 1177 1578 1291 patris
1596 1177 1711 1261 nostri
1729 1177 1963 1292 temporibus

331 1293 533 1408 acquisitis
553 1289 741 1378 videlicet:
775 1298 949 1392 Voicdioe,
970 1296 1201 1404 Spandaran),
1227 1296 1415 1402 aneline,
1441 1297 1614 1387 Goicdoe,
1635 1299 1790 1379 Rudeno
1804 1291 1871 1404 (2),
1895 1325 1967 1410 per

332 1411 456 1495 omnia
487 1408 740 1526 supradictam
772 1409 960 1496 obtineant
980 1408 1199 1496 libertatern.
1224 1408 1492 1526 -Visoitaque,
1526 1423 1667 1528 quanta
1686 1411 1903 1498 liberalitate
1930 1425 1967 1496 et
2078 1479 2084 1486 .

332 1527 532 1612 devotione
566 1529 833 1614 monasterium
875 1526 1131 1644 supradictum
1167 1560 1191 1614 a
1226 1528 1395 1643 patribus
1428 1531 1568 1615 nostris
1603 1521 1794 1614 fundatum
1833 1545 1891 1614 est
1930 1542 1966 1612 et

332 1642 517 1750 dotatum,
546 1644 769 1732 donationes
791 1653 829 1732 et
848 1645 1038 1740 libertates
1060 1649 1234 1762 superius
1256 1645 1466 1732 norninatas
1488 1644 1763 1747 continuamus.
1784 1645 1964 1762 ,lnsuper

332 1791 468 1880 aquarn
491 1761 539 1848 de
560 1767 693 1848 litiae
713 1777 751 1850 et
771 1763 820 1849 de
844 1761 1057 1877 ttamoff)
1080 1795 1167 1860 cunr¹
1181 1762 1405 1868 castoribus,
1455 1795 1539 1851 uam
1556 1764 1696 1851 habent
1709 1795 1780 1882 pro
1795 1761 1963 1864 remedio

331 1880 448 2011 patris
469 1882 608 1984 nostri,
641 1880 784 1966 eisdem
816 1880 1102 1989 confirmamus,
1135 1881 1318 1969 addentes
1339 1795 1515 1970 iratriiius
1538 1881 1765 1997 supradictis
1794 1897 1966 1968 castoras

244 2105 246 2112 Ι
332 2025 367 2080 rn
394 1997 513 2084 rivulo
543 1999 604 2116 qui
631 1998 816 2111 capp)
838 2018 1015 2106 vocatur,
1047 2002 1081 2087 in
1105 2016 1264 2119 utraque
1283 1999 1387 2113 ripa,
1419 2030 1491 2086 neo
1512 2031 1587 2087 non
1610 2016 1647 2086 et
1667 2001 1703 2086 in
1724 2000 1806 2085 aliis
1825 1998 1962 2104 rivulis

332 2112 489 2200 lacubus
511 2128 549 2197 et
569 2119 734 2232 stagnis
761 2117 822 2231 qui
843 2118 936 2202 inira
959 2119 1139 2204 terminos
1162 2117 1377 2205 monasterii
1399 2116 1603 2234 supradicti
1628 2119 1871 2204 continentur.
1915 2115 1966 2200 Ut

332 2246 456 2317 autern
488 2261 672 2348 praesens
699 2233 879 2349 scriptum
899 2233 1016 2319 robur
1036 2235 1203 2320 obtineat
1223 2247 1467 2350 perpetuum,
1494 2235 1607 2434 sipilii
1628 2236 1747 2320 nostri
1766 2233 1967 2318 tnunirnine
2022 2319 2026 2338 ,
2057 2268 2082 2338 '.

333 2362 370 2434 et
390 2347 587 2436 Beronum
607 2365 821 2437 nostrorum
842 2349 1053 2435 testimonio
1074 2351 1311 2437 roboramus.
1353 2349 1509 2435 Testes:

189 2659 193 2668 .
245 2627 250 2634 ·
293 2581 592 2672 -Tvardoslaus
609 2583 940 2670 Subcanceilarius
956 2598 1097 2670 noster.
1128 2573 1227 2671 Acta
1244 2595 1330 2670 sunt
1345 2582 1442 2668 haec
1458 2612 1557 2669 anno
1569 2581 1707 2670 donini
1723 2582 1780 2668 Μο
1792 2581 1968 2668 cuLx·
2067 2561 2078 2590 ³

334 2698 514 2802 secundo,
536 2702 571 2786 in
595 2700 783 2788 Craoovia
804 2700 865 2787 die
886 2701 986 2788 beati
1007 2700 1224 2789 Hieroninri.

437 3017 478 3100 (²)
507 2963 554 3082 De
569 3017 645 3083 viliis
661 3017 691 3082 in
706 3017 868 3098 provincia,
890 3039 968 3104 quoe
984 3018 1109 3085 ditionis
1123 3017 1220 3083 Ducis
1235 3019 1393 3084 Lestconis
1409 3025 1484 3096 erat,
1500 2973 1664 3103 acquisitis,
1680 3017 1710 3082 in
1727 3017 1881 3102 privilegio
1897 3019 1967 3084 anni

338 3099 420 3185 1242
442 3102 794 3250 supariruN'0XXX1.
817 3102 935 3186 posito,
958 3103 1144 3170 mentionem
1167 3103 1238 3168 Dux
1260 3102 1420 3168 Conradus
1442 3103 1643 3168 Musonianus
1665 3101 1751 3178 facin
1772 3103 1825 3168 sed
1846 3109 1968 3186 praeter
2078 3177 2082 3184 ¹

334 3185 471 3266 Swigciec
492 3188 537 3250 du
553 3193 585 3250 et
601 3185 732 3251 Okolriru
748 3186 850 3263 vittas,
873 3187 984 3253 nuliam
1001 3207 1123 3266 aarum,
1166 3187 1270 3268 uaain
1286 3186 1342 3252 hac
1357 3187 1459 3252 tabula
1475 3195 1701 3264 enumerantur,
1724 3189 1910 3252 nominatam
1926 3185 1969 3252 ibi

333 3268 493 3344 videmus:
511 3270 583 3356 quin
600 3271 661 3335 imo
677 3291 800 3354 prorsus
817 3271 892 3336 aiiac
907 3273 1020 3338 relatae
1034 3278 1114 3336 sunt
1145 3207 1194 3336 de
1210 3271 1414 3354 Sw'ucieciidw
1430 3278 1461 3334 at
1478 3270 1626 3344 Otolriao,
1649 3291 1726 3356 qnae
1742 3270 1791 3336 hio
1808 3289 1968 3356 perperam

334 3353 500 3438 Specdaeuv
512 3363 543 3418 et
556 3353 701 3451 Opaelina
712 3356 862 3432 dicuntur,
870 3355 932 3438 jarn
946 3357 976 3420 in
988 3355 1185 3420 annotatione
1197 3355 1302 3440 quinta
1316 3353 1353 3420 ad
1366 3353 1471 3439 privile
1493 3356 1553 3417 iurn
1566 3355 1967 3449 N¹⁰iiXX1.praamissum,

334 3439 519 3504 mentionem
536 3438 673 3504 fecimus.
709 3439 798 3518 Quae
814 3449 914 3504 autern
931 3440 960 3503 in
980 3441 1128 3505 mendoso
1144 3438 1204 3502 hoo
1218 3445 1323 3503 nostro
1339 3375 1514 3525 apograpio
1538 3436 1665 3499 Vor'elnce
1681 3446 1872 3532 nuncupatur
1887 3436 1966 3512 viiia,

335 3541 370 3586 aa
383 3529 464 3585 certe
484 3523 652 3604 decr'nast
662 3521 840 3610 parochialis
854 3523 921 3586 viiia
937 3520 1145 3606 Opooznensis
1157 3520 1302 3586 territorii
1318 3528 1349 3586 et
1360 3519 1500 3603 regionis,
1516 3519 1563 3584 vix
1581 3519 1701 3584 duobus
1718 3518 1861 3584 rniiiiariis
1877 3541 1895 3584 a
1909 3519 1967 3586 Su·

334 3603 443 3688 iejorio
474 3613 608 3677 remota:
639 3627 717 3691 quaa
741 3605 869 3670 Goiedoe
891 3605 1017 3682 dicitur,
1044 3612 1091 3670 est
1114 3602 1235 3688 Grpcdw
1257 3624 1352 3689 pagus
1374 3603 1546 3687 praedictae
1568 3602 1654 3668 villas
1681 3601 1830 3669 Okalinae
1852 3602 1967 3668 ricinus

357 3687 497 3754 arochiae
513 3687 768 3766 Wiostoriensis‚
790 3689 922 3774 denique
937 3709 1016 3774 quaa
1037 3688 1166 3754 norma
1188 3689 1332 3766 vocatur,
1354 3709 1391 3753 aa
1407 3695 1488 3754 carte
1503 3687 1645 3752 Radoaio
1659 3687 1727 3755 viiia
1743 3696 1790 3754 est
1805 3687 1967 3774 parochias

335 3709 516 3857 diogiensis,
530 3773 739 3872 Opocznensis
752 3775 898 3840 territorii
914 3783 945 3838 et
958 3774 1102 3860 regionis,
1118 3771 1288 3858 Suiejoriae
1303 3771 1449 3857 proxima.

437 3857 477 3941 (³)
505 3859 613 3924 Lr'trciu
629 3866 660 3923 et
675 3856 797 3923 Cdarnu
811 3859 841 3922 in
856 3857 959 3924 tabuia
977 3860 1020 3924 sic
1033 3857 1150 3955 scripti,
1170 3857 1230 3922 riri
1241 3864 1313 3922 suut
1327 3857 1484 3938 Lurr‘oino
1499 3863 1530 3921 et
1545 3854 1673 3932 Czarno,
1689 3855 1813 3921 tiuvinrn
1831 3855 1964 3921 Piiioiam

336 3941 365 4004 in
381 3943 552 4027 propinquo
567 3942 739 4027 Suiejoriao
756 3944 913 4008 intrantes:
929 3943 1057 4008 riruium
1072 3943 1121 4007 inc
1137 3941 1242 4025 Baiana
1256 3941 1371 4008 dictum
1387 3961 1457 4006 eurn
1474 3962 1541 4007 osse
1557 3948 1642 4026 puto,
1657 3942 1709 4025 qui
1721 3941 1856 4006 Pitiniana
1869 3959 1965 4025 prope

336 4025 430 4108 ipsam
447 4025 630 4113 suejoviam
646 4029 769 4106 intrans,
785 4027 901 4093 sontem
916 4048 1005 4108 suuni
1022 4048 1118 4115 prope
1134 4027 1232 4092 vitiam
1247 4025 1353 4112 Btopie
1367 4026 1481 4092 habere
1497 4025 1622 4125 ridetur.

1560 2350 1705 2436 acubus
1726 2349 1850 2435 iudex
1874 2349 1968 2434 Cra·
2082 2345 2086 2354 '

182 2469 191 2486 ⁴
333 2465 542 2568 curiensis,
573 2464 797 2556 Laurentius
828 2467 1141 2554 Suboarnerarius
1173 2480 1324 2571 noster,
1355 2463 1494 2552 Petrus
1525 2465 1801 2552 Thesaurarius
1825 2481 1966 2571 noster,
2067 2462 2097 2565 ',·
