4870 5948
1109 789 1155 802 ..
1208 753 1359 822 24¹...

418 954 467 1042 de
487 961 608 1040 Betna
626 951 693 1066 (⁷),
735 951 917 1039 Nicotaus
938 951 1121 1038 rataricus
1144 944 1275 1062 (sic)in
1294 957 1348 1034 Pe
1364 1015 1482 1036 .....
1499 983 1567 1036 coo
1595 945 1663 1061 (⁸),
1705 966 1741 1037 et
1771 949 1917 1068 Mlogie
1947 951 2044 1042 filius

289 1117 294 1125 ·
418 1071 605 1190 ejusdem,
641 1073 702 1191 qui
724 1069 771 1158 de
794 1069 971 1158 mandato
994 1099 1076 1156 meo
1098 1068 1303 1156 libertatern
1324 1069 1629 1185 proclamavitin
1659 1069 1743 1156 iuro
1765 1069 1814 1156 de
1844 1071 2044 1195 Sarnowe.

532 1287 554 1370 ²]
584 1282 684 1351 Facite
703 1285 819 1370 Br'eliny
834 1305 928 1370 pagus
944 1283 1122 1368 parochialis
1133 1231 1168 1349 in
1184 1281 1374 1368 Opocznaosi
1390 1283 1526 1369 regione.

517 1287 554 1455 it)
584 1369 676 1450 Quod
699 1371 775 1435 rirna
797 1370 931 1434 chartam
957 1369 1016 1433 boc
1041 1369 1072 1433 iu
1096 1370 1165 1433 ioco
1192 1369 1329 1441 bodens,
1359 1370 1509 1452 integrum
1536 1368 1594 1454 tegi
1617 1369 1759 1455 impedit,
1788 1369 1855 1436 sine
1876 1363 1971 1435 dubio
1994 1375 2041 1435 ast

415 1456 585 1522 Pctn'cooiu
598 1455 776 1540 (Piotrkbw)
792 1455 948 1540 oppidum,
961 1454 1092 1539 regionis
1108 1463 1207 1540 caput,
1222 1451 1393 1540 Suicjoriaa
1409 1453 1590 1538 proximum.
2106 1455 2112 1466 “

1170 1747 1292 1933 uu.

934 1971 1159 2164 Torroce'
1185 2100 1340 2164 anno
1366 2056 1533 2165 1221(

456 2235 699 2374 thwitiinem
720 2282 813 2355 vittae
836 2283 941 2350 Glitio·
960 2284 1043 2356 abas
1067 2284 1243 2350 otocantu
1265 2282 1384 2370 dictae
1409 2297 1502 2373 ausu
1523 2279 1739 2354 eumn
1759 2281 1852 2354 nites
1874 2281 2000 2373 quim

480 2385 673 2458 monnone
690 2384 924 2459 ttzerrtuneusi
938 2385 1079 2474 nonant,
1096 2387 1352 2458 conradus
1366 2387 1436 2459 ltu
1448 2384 1607 2457 lucrio
1621 2386 1724 2455 raum
1737 2400 1810 2456 assa
1817 2383 1912 2478 juro
1923 2387 1973 2473 (¹).

517 2606 707 2724 Quicquid
729 2609 1029 2731 agitpreseneia
1051 2608 1287 2723 temporalis,
1319 2608 1388 2692 nisi
1409 2609 1555 2724 scripti,
1587 2608 1705 2726 sigili,
1740 2608 1935 2724 testimonij
1959 2637 2040 2692 nru-

392 2725 550 2812 -uiruine
570 2725 778 2829 roboretur,
816 2756 891 2811 non
914 2739 1021 2830 tenet,
1043 2757 1118 2812 nun
1139 2728 1281 2843 recipit,
1313 2755 1388 2811 non
1409 2727 1595 2843 approbat
1619 2728 1819 2842 posteritas
1839 2729 2039 2844 antiquata.

413 2842 550 2929 Robur
570 2844 704 2927 etenim
727 2842 936 2929 inconwlse
956 2841 1136 2932 iiruritatis
1173 2875 1220 2930 ex
1256 2844 1481 2962 supradictis
1517 2845 1657 2961 liquido
1684 2858 1833 2932 cunstat
1854 2873 2040 2930 emanare.

413 2959 551 3048 Notum
581 2962 628 3046 sit
649 2991 744 3079 ergo
766 2963 968 3067 universiS,
1006 2977 1079 3048 tarn
1107 2963 1343 3082 presentibus
1380 2993 1490 3165 qpam
1525 2965 1673 3067 futuris,
1715 2962 1817 3078 quod
1855 2961 2037 3048 Obeczan

304 3081 360 3188 ζ’
416 3079 994 3167 Canescumconsiiiodorniui
1032 3083 1149 3170 Ducis
1193 3080 1358 3170 Conradi
1424 3081 1589 3169 iazowie
1628 3095 1664 3167 et
1698 3081 1897 3167 Baranam
1939 3082 2039 3196 ejus,

264 3201 269 3210 “
414 3226 573 3314 quorum
595 3200 743 3283 nomina
765 3198 880 3284 subse
909 3214 1059 3308 uuntur,
1101 3201 1223 3286 viliam
1245 3231 1351 3286 suani
1375 3202 1522 3286 nornine
1542 3205 1688 3312 thnty
1707 3195 1766 3310 (²)
1798 3213 1885 3315 post
1900 3198 2038 3294 obitum

413 3345 520 3402 suurn
549 3314 710 3402 ecclesie
751 3316 860 3402 beate
882 3232 1017 3404 biario
1060 3317 1108 3405 de
1144 3318 1431 3433 Czyrwpensko
1470 3349 1554 3404 curn
1591 3318 1762 3404 orunibos
1799 3316 1918 3401 eidem
1955 3315 2039 3409 viiie

412 3433 712 3550 appendentibus
733 3435 898 3552 plenarie
920 3437 1159 3525 condonavit.
1197 3435 1258 3522 Ne
1280 3464 1376 3553 ergo
1398 3435 1487 3522 buia
1508 3437 1671 3554 presenti
1688 3435 1825 3521 actioni
1842 3434 2038 3522 uruitorum

411 3552 587 3637 nobilium
623 3565 782 3638 tractate
818 3556 1034 3670 presencia,
1075 3555 1291 3670 apusteris
1332 3555 1454 3641 futura
1499 3554 1699 3671 antiquitas
1735 3553 1957 3670 ignorancia
1978 3549 2038 3637 vei

282 3771 286 3786 ι
411 3670 535 3786 anirno
556 3669 785 3788 malignandi
807 3672 842 3755 in
863 3671 988 3789 aliquo
1020 3675 1234 3760 occasionis
1256 3674 1434 3788 scrupulo
1470 3674 1595 3757 vaieat
1630 3670 1842 3788 derogare,
1878 3668 2037 3756 eandern
2094 3755 2097 3760 .

340 3875 341 3880 Ν
412 3781 605 3866 accionem
627 3789 810 3902 scripture
833 3791 1010 3877 rueruoria
1045 3823 1129 3878 cour
1166 3790 1275 3909 sigilii
1311 3793 1381 3876 urei
1417 3791 1680 3904 impressione,
1722 3819 1799 3875 erro
1835 3785 2037 3873 Conradus
2156 3805 2163 3812 “

411 3895 499 3982 Dux
530 3895 719 3984 biazuwie
749 3907 855 3992 volui
885 3909 1119 4023 perbennari.
1160 3907 1259 3994 Huic
1289 3907 1438 3994 dacioui
1473 3908 1712 3994 iuterfuerunt
1745 3859 2037 3992 bnanthostaus

322 4025 339 4082 t
407 4013 602 4100 Pincerna
638 4013 754 4102 Ducis
787 4021 830 4104 C.
863 4023 1040 4136 (unradi),
1082 4027 1242 4114 Sasinus
1281 4026 1519 4113 Castaliauus
1550 4024 1598 4111 de
1637 4020 1850 4134 Wssuo(³),
1892 4019 2038 4138 Sbytud

166 4137 179 4216 t
232 4161 249 4238 4
304 4157 323 4216 a
405 4147 569 4216 uenator
610 4134 777 4248 ejusdem
822 4139 959 4246 Ducis,
1007 4144 1186 4262 Wintego
1222 4137 1464 4264 Subagazo,
1515 4143 1707 4229 Abraham
1742 4141 2055 4257 Subpiucerna,

451 4464 486 4481 ..
515 4379 554 4478 (¹)
582 4381 609 4444 E
632 4378 883 4480 codicenantiqua
906 4407 1072 4474 papyraceo
1096 4391 1124 4454 in
1147 4392 1327 4458 bibliotheca
1355 4393 1481 4459 Comitis
1503 4392 1663 4478 Za'ruojscii
1686 4392 1849 4458 versutae
1871 4395 2036 4462 casanata.

412 4467 564 4550 privilegia
581 4473 755 4533 rnonnsteru
772 4471 916 4549 praedicti
933 4473 1081 4558 descripta
1097 4479 1324 4558 compiectente,
1340 4477 1453 4564 dequo
1469 4479 1524 4542 Νω
1538 4479 1560 4542 Ι.
1576 4477 1718 4560 insignito
1729 4478 1758 4542 in
1771 4474 1959 4560 praefatione
1970 4475 2036 4540 iibri

412 4555 506 4616 nostri
522 4550 680 4616 referenda
697 4552 873 4624 retuiiurus;
893 4562 924 4618 et
939 4555 1061 4640 quidern
1078 4579 1094 4621 e
1112 4579 1175 4638 pag.
1190 4561 1239 4625 Ἦ.
1253 4561 1303 4626 28.

514 4636 552 4717 (²)
582 4636 689 4700 Vittarn
706 4634 928 4702 Giriririseriori
943 4649 1082 4724 tempore
1099 4641 1273 4706 Obr'ceonou
1289 4646 1398 4711 dictam
1414 4645 1515 4721 tuisse,
1531 4645 1607 4710 baec
1619 4645 1776 4729 inscriptio
1786 4644 1877 4727 hujus
1913 4643 2035 4726 rivitegii

412 4719 442 4784 in
459 4721 564 4818 codice
580 4723 753 4819 monasterii
766 4721 871 4810 docet:
893 4722 1014 4810 „Super
1037 4721 1260 4809 Obyecznnouo
1278 4729 1356 4794 ottae
1379 4730 1527 4818 thuty't
1562 4731 1620 4795 Est
1640 4739 1743 4797 autern
1764 4733 1833 4796 ritta
1857 4665 1909 4792 Oi

410 4825 545 4890 regionis
560 4805 773 4883 Puituscensrs,
789 4806 951 4890 parochiae
967 4810 1068 4894 oppidi
1084 4810 1202 4875 Maiora
1219 4815 1369 4896 asscripta.

513 4887 550 4974 (³)
581 4889 692 4955 Wzno
707 4892 852 4977 oppidum
868 4894 1040 4978 parochiale
1057 4895 1093 4959 ad
1110 4895 1239 4961 Nervam
1255 4897 1377 4963 flurium
1393 4899 1536 4965 territorii
1551 4907 1583 4963 et
1596 4900 1727 4984 regionis
1742 4898 1926 4964 boniensis.

1904 4731 2034 4794 secandae
