<?xml version="1.0" encoding="UTF-8"?>
<!DOCTYPE html PUBLIC "-//W3C//DTD XHTML 1.0 Transitional//EN"
    "http://www.w3.org/TR/xhtml1/DTD/xhtml1-transitional.dtd">
<html xmlns="http://www.w3.org/1999/xhtml" xml:lang="en" lang="en">
 <head>
  <title>
</title>
<meta http-equiv="Content-Type" content="text/html;charset=utf-8" />
  <meta name='ocr-system' content='tesseract 3.04.00' />
  <meta name='ocr-capabilities' content='ocr_page ocr_carea ocr_par ocr_line ocrx_word'/>
</head>
<body>
  <div class='ocr_page' id='page_1' title='image "./codexdiplomatic02bartgoog_0272.png"; bbox 0 0 4778 5952; ppageno 0'>
   <div class='ocr_carea' id='block_1_1' title="bbox 1057 774 1419 873">
    <p class='ocr_par' dir='ltr' id='par_1_1' title="bbox 1057 774 1419 873">
     <span class='ocr_line' id='line_1_1' title="bbox 1057 774 1419 873; baseline 0.003 -3"><span class='ocrx_word' id='word_1_1' title='bbox 1057 774 1419 873; x_wconf 73' lang='lat' dir='ltr'><strong>‘-aao-</strong></span> 
     </span>
    </p>
   </div>
   <div class='ocr_carea' id='block_1_2' title="bbox 422 943 2098 1232">
    <p class='ocr_par' dir='ltr' id='par_1_2' title="bbox 422 943 2098 1232">
     <span class='ocr_line' id='line_1_2' title="bbox 422 943 2098 1115; baseline -0.001 -31"><span class='ocrx_word' id='word_1_2' title='bbox 422 983 425 988; x_wconf 36' lang='lat'>⁵</span> <span class='ocrx_word' id='word_1_3' title='bbox 484 1015 489 1023; x_wconf 84' lang='grc'><strong>’</strong></span> <span class='ocrx_word' id='word_1_4' title='bbox 568 995 728 1084; x_wconf 82' lang='lat' dir='ltr'><strong>Belacio</strong></span> <span class='ocrx_word' id='word_1_5' title='bbox 754 994 922 1112; x_wconf 87' lang='lat' dir='ltr'><strong>ejusdem</strong></span> <span class='ocrx_word' id='word_1_6' title='bbox 943 994 1161 1083; x_wconf 85' lang='lat' dir='ltr'><strong>Reuerendi</strong></span> <span class='ocrx_word' id='word_1_7' title='bbox 1180 998 1217 1082; x_wconf 95' lang='lat' dir='ltr'><strong>in</strong></span> <span class='ocrx_word' id='word_1_8' title='bbox 1240 995 1392 1087; x_wconf 80' lang='lat' dir='ltr'><strong>Christo</strong></span> <span class='ocrx_word' id='word_1_9' title='bbox 1422 996 1541 1114; x_wconf 73' lang='lat' dir='ltr'><strong>patris</strong></span> <span class='ocrx_word' id='word_1_10' title='bbox 1571 993 1708 1082; x_wconf 88' lang='lat' dir='ltr'><strong>domini</strong></span> <span class='ocrx_word' id='word_1_11' title='bbox 1742 943 1884 1083; x_wconf 80' lang='lat' dir='ltr'><strong>Mnhie</strong></span> <span class='ocrx_word' id='word_1_12' title='bbox 1917 995 2098 1115; x_wconf 83' lang='lat' dir='ltr'><strong>Episcopi</strong></span> 
     </span>
     <span class='ocr_line' id='line_1_3' title="bbox 467 1113 1321 1232; baseline -0.001 -32"><span class='ocrx_word' id='word_1_13' title='bbox 467 1114 789 1230; x_wconf 75' lang='lat' dir='ltr'><strong>Pezamyslyensis</strong></span> <span class='ocrx_word' id='word_1_14' title='bbox 810 1127 848 1202; x_wconf 74' lang='lat' dir='ltr'><strong>et</strong></span> <span class='ocrx_word' id='word_1_15' title='bbox 867 1113 915 1201; x_wconf 86' lang='lat' dir='ltr'><strong>R.</strong></span> <span class='ocrx_word' id='word_1_16' title='bbox 935 1114 980 1200; x_wconf 90' lang='lat' dir='ltr'><strong>P.</strong></span> <span class='ocrx_word' id='word_1_17' title='bbox 1000 1113 1321 1232; x_wconf 84' lang='lat' dir='ltr'><strong>Vicecancellerij.</strong></span> 
     </span>
    </p>
   </div>
   <div class='ocr_carea' id='block_1_3' title="bbox 445 1417 2050 1809">
    <p class='ocr_par' dir='ltr' id='par_1_3' title="bbox 445 1417 2050 1809">
     <span class='ocr_line' id='line_1_4' title="bbox 1191 1417 1385 1548; baseline -0.01 0"><span class='ocrx_word' id='word_1_18' title='bbox 1191 1417 1385 1548; x_wconf 77' lang='grc' dir='ltr'><strong>ὓΧΧΙΧ.</strong></span> 
     </span>
     <span class='ocr_line' id='line_1_5' title="bbox 445 1697 2050 1809; baseline 0.001 -22"><span class='ocrx_word' id='word_1_19' title='bbox 445 1741 451 1754; x_wconf 75' lang='lat'>=</span> <span class='ocrx_word' id='word_1_20' title='bbox 511 1707 585 1787; x_wconf 79' lang='lat' dir='ltr'><strong>lm</strong></span> <span class='ocrx_word' id='word_1_21' title='bbox 610 1701 753 1788; x_wconf 71' lang='lat' dir='ltr'><strong>cillo</strong></span> <span class='ocrx_word' id='word_1_22' title='bbox 778 1701 1232 1798; x_wconf 66' lang='lat' dir='ltr'><strong>venumdatae,</strong></span> <span class='ocrx_word' id='word_1_23' title='bbox 1259 1721 1415 1786; x_wconf 72' lang='lat' dir='ltr'><strong>ummo</strong></span> <span class='ocrx_word' id='word_1_24' title='bbox 1431 1697 1591 1785; x_wconf 73' lang='lat'><strong>1³65</strong></span> <span class='ocrx_word' id='word_1_25' title='bbox 1619 1701 1670 1785; x_wconf 74' lang='lat' dir='ltr'><strong>d.</strong></span> <span class='ocrx_word' id='word_1_26' title='bbox 1700 1698 1773 1785; x_wconf 78' lang='lat'><strong>1³</strong></span> <span class='ocrx_word' id='word_1_27' title='bbox 1797 1723 1866 1790; x_wconf 78' lang='lat' dir='ltr'><strong>m.</strong></span> <span class='ocrx_word' id='word_1_28' title='bbox 1893 1703 2050 1809; x_wconf 66' lang='grc' dir='ltr'><strong>Μαυ.</strong></span> 
     </span>
    </p>
   </div>
   <div class='ocr_carea' id='block_1_4' title="bbox 468 1903 2099 2092">
    <p class='ocr_par' dir='ltr' id='par_1_4' title="bbox 468 1903 2099 2092">
     <span class='ocr_line' id='line_1_6' title="bbox 468 1903 2099 1996; baseline -0.002 -18"><span class='ocrx_word' id='word_1_29' title='bbox 468 1905 740 1980; x_wconf 71' lang='lat' dir='ltr'><strong>casimirus</strong></span> <span class='ocrx_word' id='word_1_30' title='bbox 754 1906 822 1984; x_wconf 77' lang='lat' dir='ltr'><strong>ou</strong></span> <span class='ocrx_word' id='word_1_31' title='bbox 835 1905 998 1991; x_wconf 74' lang='lat' dir='ltr'><strong>colono,</strong></span> <span class='ocrx_word' id='word_1_32' title='bbox 1019 1904 1153 1978; x_wconf 73' lang='lat' dir='ltr'><strong>dmoni</strong></span> <span class='ocrx_word' id='word_1_33' title='bbox 1168 1905 1203 1976; x_wconf 83' lang='lat' dir='ltr'><strong>ct</strong></span> <span class='ocrx_word' id='word_1_34' title='bbox 1216 1904 1352 1978; x_wconf 76' lang='lat' dir='ltr'><strong>ramae</strong></span> <span class='ocrx_word' id='word_1_35' title='bbox 1368 1903 1566 1996; x_wconf 75' lang='lat' dir='ltr'><strong>quondm,</strong></span> <span class='ocrx_word' id='word_1_36' title='bbox 1589 1903 1979 1982; x_wconf 68' lang='lat' dir='ltr'><strong>cornuumaueniens</strong></span> <span class='ocrx_word' id='word_1_37' title='bbox 1995 1907 2099 1976; x_wconf 76' lang='lat' dir='ltr'><strong>ank</strong></span> 
     </span>
     <span class='ocr_line' id='line_1_7' title="bbox 975 2005 1600 2092; baseline 0 -14"><span class='ocrx_word' id='word_1_38' title='bbox 975 2023 1039 2078; x_wconf 74' lang='lat' dir='ltr'><strong>um</strong></span> <span class='ocrx_word' id='word_1_39' title='bbox 1054 2023 1124 2078; x_wconf 75' lang='lat' dir='ltr'><strong>cum</strong></span> <span class='ocrx_word' id='word_1_40' title='bbox 1137 2005 1214 2078; x_wconf 76' lang='lat' dir='ltr'><strong>villa</strong></span> <span class='ocrx_word' id='word_1_41' title='bbox 1228 2007 1421 2074; x_wconf 75' lang='lat' dir='ltr'><strong>Scoirecona</strong></span> <span class='ocrx_word' id='word_1_42' title='bbox 1434 2007 1533 2074; x_wconf 79' lang='lat' dir='ltr'><strong>cendit</strong></span> <span class='ocrx_word' id='word_1_43' title='bbox 1548 2007 1600 2092; x_wconf 61' lang='grc' dir='ltr'><strong>(Ι).</strong></span> 
     </span>
    </p>
   </div>
   <div class='ocr_carea' id='block_1_5' title="bbox 378 2214 2130 2486">
    <p class='ocr_par' dir='ltr' id='par_1_5' title="bbox 378 2214 2130 2486">
     <span class='ocr_line' id='line_1_8' title="bbox 569 2214 2130 2354; baseline -0.001 -34"><span class='ocrx_word' id='word_1_44' title='bbox 569 2237 678 2320; x_wconf 77' lang='lat' dir='ltr'><strong>loca.</strong></span> <span class='ocrx_word' id='word_1_45' title='bbox 720 2214 933 2318; x_wconf 83' lang='lat' dir='ltr'><strong>innomine</strong></span> <span class='ocrx_word' id='word_1_46' title='bbox 954 2227 1103 2336; x_wconf 91' lang='lat' dir='ltr'><strong>domini,</strong></span> <span class='ocrx_word' id='word_1_47' title='bbox 1125 2258 1246 2315; x_wconf 88' lang='lat' dir='ltr'><strong>amen.</strong></span> <span class='ocrx_word' id='word_1_48' title='bbox 1283 2227 1345 2316; x_wconf 88' lang='lat' dir='ltr'><strong>Ad</strong></span> <span class='ocrx_word' id='word_1_49' title='bbox 1366 2244 1586 2354; x_wconf 74' lang='lat' dir='ltr'><strong>perpetuam</strong></span> <span class='ocrx_word' id='word_1_50' title='bbox 1608 2231 1661 2315; x_wconf 90' lang='lat' dir='ltr'><strong>rei</strong></span> <span class='ocrx_word' id='word_1_51' title='bbox 1684 2230 1913 2316; x_wconf 81' lang='lat' dir='ltr'><strong>memoriam.</strong></span> <span class='ocrx_word' id='word_1_52' title='bbox 1949 2227 2098 2320; x_wconf 89' lang='lat' dir='ltr'><strong>Laban·</strong></span> <span class='ocrx_word' id='word_1_53' title='bbox 2125 2331 2130 2340; x_wconf 29' lang='grc' dir='ltr'>Ι</span> 
     </span>
     <span class='ocr_line' id='line_1_9' title="bbox 378 2346 2097 2486; baseline -0.003 -44"><span class='ocrx_word' id='word_1_54' title='bbox 378 2363 384 2374; x_wconf 85' lang='grc'><em>’</em></span> <span class='ocrx_word' id='word_1_55' title='bbox 467 2366 526 2442; x_wconf 72' lang='lat' dir='ltr'><strong>tur</strong></span> <span class='ocrx_word' id='word_1_56' title='bbox 555 2379 716 2438; x_wconf 86' lang='lat' dir='ltr'><strong>necesse</strong></span> <span class='ocrx_word' id='word_1_57' title='bbox 748 2362 807 2437; x_wconf 84' lang='lat' dir='ltr'><strong>est</strong></span> <span class='ocrx_word' id='word_1_58' title='bbox 834 2349 1058 2436; x_wconf 88' lang='lat' dir='ltr'><strong>amemoria</strong></span> <span class='ocrx_word' id='word_1_59' title='bbox 1080 2349 1351 2436; x_wconf 87' lang='lat' dir='ltr'><strong>concessiones</strong></span> <span class='ocrx_word' id='word_1_60' title='bbox 1372 2361 1486 2466; x_wconf 79' lang='lat' dir='ltr'><strong>atque</strong></span> <span class='ocrx_word' id='word_1_61' title='bbox 1507 2346 1661 2436; x_wconf 70' lang='lat' dir='ltr'><strong>decreta</strong></span> <span class='ocrx_word' id='word_1_62' title='bbox 1683 2378 1750 2464; x_wconf 90' lang='lat' dir='ltr'><strong>per</strong></span> <span class='ocrx_word' id='word_1_63' title='bbox 1771 2362 2097 2486; x_wconf 73' lang='lat' dir='ltr'><strong>quantumcunqpe</strong></span> 
     </span>
    </p>
   </div>
   <div class='ocr_carea' id='block_1_6' title="bbox 367 2467 2218 4710">
    <p class='ocr_par' dir='ltr' id='par_1_6' title="bbox 465 2467 2218 3526">
     <span class='ocr_line' id='line_1_10' title="bbox 466 2467 2097 2584; baseline 0.001 -30"><span class='ocrx_word' id='word_1_64' title='bbox 466 2469 705 2575; x_wconf 81' lang='lat' dir='ltr'><strong>excellentes,</strong></span> <span class='ocrx_word' id='word_1_65' title='bbox 734 2469 845 2552; x_wconf 82' lang='lat' dir='ltr'><strong>etiam</strong></span> <span class='ocrx_word' id='word_1_66' title='bbox 867 2468 1049 2553; x_wconf 89' lang='lat' dir='ltr'><strong>maximos</strong></span> <span class='ocrx_word' id='word_1_67' title='bbox 1070 2467 1188 2584; x_wconf 91' lang='lat' dir='ltr'><strong>princi</strong></span> <span class='ocrx_word' id='word_1_68' title='bbox 1217 2497 1259 2553; x_wconf 91' lang='lat' dir='ltr'><strong>es</strong></span> <span class='ocrx_word' id='word_1_69' title='bbox 1280 2467 1399 2571; x_wconf 71' lang='lat' dir='ltr'><strong>facta,</strong></span> <span class='ocrx_word' id='word_1_70' title='bbox 1455 2497 1501 2550; x_wconf 89' lang='lat' dir='ltr'><strong>ue</strong></span> <span class='ocrx_word' id='word_1_71' title='bbox 1521 2496 1597 2553; x_wconf 92' lang='lat' dir='ltr'><strong>non</strong></span> <span class='ocrx_word' id='word_1_72' title='bbox 1617 2467 1752 2552; x_wconf 79' lang='lat' dir='ltr'><strong>fuerint</strong></span> <span class='ocrx_word' id='word_1_73' title='bbox 1773 2468 1995 2554; x_wconf 79' lang='lat' dir='ltr'><strong>communite</strong></span> <span class='ocrx_word' id='word_1_74' title='bbox 2016 2467 2097 2578; x_wconf 74' lang='lat' dir='ltr'><strong>(soc)</strong></span> 
     </span>
     <span class='ocr_line' id='line_1_11' title="bbox 465 2495 2133 2704; baseline -0.002 -30"><span class='ocrx_word' id='word_1_75' title='bbox 465 2586 710 2704; x_wconf 87' lang='lat' dir='ltr'><strong>perhennium</strong></span> <span class='ocrx_word' id='word_1_76' title='bbox 730 2584 901 2700; x_wconf 77' lang='lat' dir='ltr'><strong>apicibus</strong></span> <span class='ocrx_word' id='word_1_77' title='bbox 921 2584 1121 2670; x_wconf 87' lang='lat' dir='ltr'><strong>literarum.</strong></span> <span class='ocrx_word' id='word_1_78' title='bbox 1169 2495 1415 2699; x_wconf 65' lang='lat' dir='ltr'><strong>duapropter</strong></span> <span class='ocrx_word' id='word_1_79' title='bbox 1474 2613 1519 2670; x_wconf 92' lang='lat' dir='ltr'><strong>os</strong></span> <span class='ocrx_word' id='word_1_80' title='bbox 1540 2583 1758 2670; x_wconf 81' lang='lat' dir='ltr'>Alexander</span> <span class='ocrx_word' id='word_1_81' title='bbox 1777 2584 1837 2670; x_wconf 88' lang='lat' dir='ltr'><strong>dei</strong></span> <span class='ocrx_word' id='word_1_82' title='bbox 1857 2587 1991 2702; x_wconf 80' lang='lat' dir='ltr'><strong>gracia</strong></span> <span class='ocrx_word' id='word_1_83' title='bbox 2011 2583 2098 2674; x_wconf 85' lang='lat' dir='ltr'><strong>Rex</strong></span> <span class='ocrx_word' id='word_1_84' title='bbox 2131 2643 2133 2648; x_wconf 90' lang='lat'>-</span> 
     </span>
     <span class='ocr_line' id='line_1_12' title="bbox 466 2699 2098 2818; baseline -0.001 -28"><span class='ocrx_word' id='word_1_85' title='bbox 466 2703 637 2802; x_wconf 88' lang='lat' dir='ltr'><strong>Polonie,</strong></span> <span class='ocrx_word' id='word_1_86' title='bbox 659 2731 821 2788; x_wconf 88' lang='lat' dir='ltr'><strong>necnon</strong></span> <span class='ocrx_word' id='word_1_87' title='bbox 837 2717 1019 2788; x_wconf 80' lang='lat' dir='ltr'><strong>terrarum</strong></span> <span class='ocrx_word' id='word_1_88' title='bbox 1042 2701 1241 2806; x_wconf 86' lang='lat' dir='ltr'><strong>Cracouio,</strong></span> <span class='ocrx_word' id='word_1_89' title='bbox 1264 2701 1510 2804; x_wconf 86' lang='lat' dir='ltr'><strong>Sandomirie,</strong></span> <span class='ocrx_word' id='word_1_90' title='bbox 1532 2701 1691 2806; x_wconf 86' lang='lat' dir='ltr'><strong>Siradie,</strong></span> <span class='ocrx_word' id='word_1_91' title='bbox 1712 2699 1898 2803; x_wconf 89' lang='lat' dir='ltr'><strong>Lancicie,</strong></span> <span class='ocrx_word' id='word_1_92' title='bbox 1920 2701 2098 2818; x_wconf 87' lang='lat' dir='ltr'><strong>Cuyavie,</strong></span> 
     </span>
     <span class='ocr_line' id='line_1_13' title="bbox 466 2815 2097 2940; baseline 0 -32"><span class='ocrx_word' id='word_1_93' title='bbox 466 2819 635 2940; x_wconf 80' lang='lat' dir='ltr'><strong>Magnus</strong></span> <span class='ocrx_word' id='word_1_94' title='bbox 667 2817 743 2905; x_wconf 88' lang='lat' dir='ltr'><strong>dux</strong></span> <span class='ocrx_word' id='word_1_95' title='bbox 772 2817 1001 2926; x_wconf 73' lang='lat' dir='ltr'><strong>Lithwanie,</strong></span> <span class='ocrx_word' id='word_1_96' title='bbox 1037 2817 1200 2922; x_wconf 82' lang='lat' dir='ltr'><strong>Bossia,</strong></span> <span class='ocrx_word' id='word_1_97' title='bbox 1236 2817 1412 2921; x_wconf 86' lang='lat' dir='ltr'><strong>Prussie,</strong></span> <span class='ocrx_word' id='word_1_98' title='bbox 1448 2851 1496 2907; x_wconf 90' lang='lat' dir='ltr'><strong>ac</strong></span> <span class='ocrx_word' id='word_1_99' title='bbox 1532 2819 1742 2906; x_wconf 79' lang='lat' dir='ltr'><strong>Culmensis</strong></span> <span class='ocrx_word' id='word_1_100' title='bbox 1779 2835 1816 2904; x_wconf 75' lang='lat' dir='ltr'><strong>et</strong></span> <span class='ocrx_word' id='word_1_101' title='bbox 1844 2815 2097 2938; x_wconf 84' lang='lat' dir='ltr'><strong>Eibingensis,</strong></span> 
     </span>
     <span class='ocr_line' id='line_1_14' title="bbox 465 2934 2155 3057; baseline -0.001 -30"><span class='ocrx_word' id='word_1_102' title='bbox 465 2937 768 3057; x_wconf 88' lang='lat' dir='ltr'><strong>Pomeranieque</strong></span> <span class='ocrx_word' id='word_1_103' title='bbox 799 2936 972 3024; x_wconf 90' lang='lat' dir='ltr'><strong>dominus</strong></span> <span class='ocrx_word' id='word_1_104' title='bbox 1004 2949 1042 3023; x_wconf 81' lang='lat' dir='ltr'><strong>et</strong></span> <span class='ocrx_word' id='word_1_105' title='bbox 1072 2934 1183 3023; x_wconf 89' lang='lat' dir='ltr'><strong>heres</strong></span> <span class='ocrx_word' id='word_1_106' title='bbox 1214 2949 1285 3022; x_wconf 84' lang='lat' dir='ltr'><strong>etc.</strong></span> <span class='ocrx_word' id='word_1_107' title='bbox 1338 2937 1603 3056; x_wconf 73' lang='lat' dir='ltr'><strong>significamus</strong></span> <span class='ocrx_word' id='word_1_108' title='bbox 1635 2952 1704 3026; x_wconf 74' lang='lat' dir='ltr'><strong>etc.</strong></span> <span class='ocrx_word' id='word_1_109' title='bbox 1758 2935 1859 3050; x_wconf 85' lang='lat' dir='ltr'><strong>Quia</strong></span> <span class='ocrx_word' id='word_1_110' title='bbox 1890 2967 1960 3054; x_wconf 92' lang='lat' dir='ltr'><strong>pro</strong></span> <span class='ocrx_word' id='word_1_111' title='bbox 1992 2954 2099 3055; x_wconf 77' lang='lat' dir='ltr'><strong>parte</strong></span> <span class='ocrx_word' id='word_1_112' title='bbox 2151 3036 2155 3050; x_wconf 46' lang='grc'>,</span> 
     </span>
     <span class='ocr_line' id='line_1_15' title="bbox 467 3051 2218 3171; baseline -0.001 -27"><span class='ocrx_word' id='word_1_113' title='bbox 467 3057 644 3146; x_wconf 80' lang='lat' dir='ltr'><strong>nobilium</strong></span> <span class='ocrx_word' id='word_1_114' title='bbox 665 3056 786 3160; x_wconf 71' lang='lat' dir='ltr'><strong>Petri,</strong></span> <span class='ocrx_word' id='word_1_115' title='bbox 818 3052 1021 3160; x_wconf 83' lang='lat' dir='ltr'><strong>dohannis,</strong></span> <span class='ocrx_word' id='word_1_116' title='bbox 1054 3051 1229 3171; x_wconf 74' lang='lat' dir='ltr'><strong>Slanislaj</strong></span> <span class='ocrx_word' id='word_1_117' title='bbox 1253 3069 1289 3142; x_wconf 77' lang='lat' dir='ltr'><strong>et</strong></span> <span class='ocrx_word' id='word_1_118' title='bbox 1310 3051 1467 3162; x_wconf 82' lang='lat' dir='ltr'><strong>Nicolai,</strong></span> <span class='ocrx_word' id='word_1_119' title='bbox 1489 3057 1689 3143; x_wconf 80' lang='lat' dir='ltr'><strong>liberorum</strong></span> <span class='ocrx_word' id='word_1_120' title='bbox 1710 3055 1952 3145; x_wconf 81' lang='lat' dir='ltr'><strong>nobilisolim</strong></span> <span class='ocrx_word' id='word_1_121' title='bbox 1967 3056 2097 3168; x_wconf 82' lang='lat' dir='ltr'><strong>Stani-</strong></span> <span class='ocrx_word' id='word_1_122' title='bbox 2212 3058 2218 3070; x_wconf 80' lang='grc'><em>“</em></span> 
     </span>
     <span class='ocr_line' id='line_1_16' title="bbox 467 3170 2099 3292; baseline -0.002 -30"><span class='ocrx_word' id='word_1_123' title='bbox 467 3177 537 3262; x_wconf 91' lang='lat' dir='ltr'><strong>slai</strong></span> <span class='ocrx_word' id='word_1_124' title='bbox 559 3173 738 3262; x_wconf 74' lang='lat' dir='ltr'><strong>Gamralh</strong></span> <span class='ocrx_word' id='word_1_125' title='bbox 763 3172 810 3260; x_wconf 90' lang='lat' dir='ltr'><strong>de</strong></span> <span class='ocrx_word' id='word_1_126' title='bbox 831 3179 1094 3259; x_wconf 75' lang='lat' dir='ltr'><strong>Sowolclomlo‘</strong></span> <span class='ocrx_word' id='word_1_127' title='bbox 1109 3170 1286 3260; x_wconf 72' lang='lat' dir='ltr'><strong>aduocati</strong></span> <span class='ocrx_word' id='word_1_128' title='bbox 1308 3173 1408 3292; x_wconf 92' lang='lat' dir='ltr'><strong>opidi</strong></span> <span class='ocrx_word' id='word_1_129' title='bbox 1430 3177 1549 3262; x_wconf 79' lang='lat' dir='ltr'><strong>nostri</strong></span> <span class='ocrx_word' id='word_1_130' title='bbox 1572 3179 1715 3286; x_wconf 66' lang='lat' dir='ltr'><strong>Osspelc</strong></span> <span class='ocrx_word' id='word_1_131' title='bbox 1734 3175 1889 3260; x_wconf 81' lang='lat' dir='ltr'><strong>interra</strong></span> <span class='ocrx_word' id='word_1_132' title='bbox 1909 3174 2099 3288; x_wconf 88' lang='lat' dir='ltr'><strong>Byecensi</strong></span> 
     </span>
     <span class='ocr_line' id='line_1_17' title="bbox 468 3287 2099 3404; baseline -0.004 -22"><span class='ocrx_word' id='word_1_133' title='bbox 468 3293 545 3400; x_wconf 82' lang='lat' dir='ltr'><strong>sio,</strong></span> <span class='ocrx_word' id='word_1_134' title='bbox 568 3291 728 3379; x_wconf 71' lang='lat' dir='ltr'><strong>exhibite</strong></span> <span class='ocrx_word' id='word_1_135' title='bbox 749 3290 857 3378; x_wconf 92' lang='lat' dir='ltr'><strong>nobis</strong></span> <span class='ocrx_word' id='word_1_136' title='bbox 879 3305 986 3378; x_wconf 71' lang='lat' dir='ltr'><strong>erant</strong></span> <span class='ocrx_word' id='word_1_137' title='bbox 1005 3290 1111 3376; x_wconf 79' lang='lat' dir='ltr'><strong>litere</strong></span> <span class='ocrx_word' id='word_1_138' title='bbox 1132 3305 1235 3376; x_wconf 80' lang='lat' dir='ltr'><strong>certe</strong></span> <span class='ocrx_word' id='word_1_139' title='bbox 1255 3290 1515 3379; x_wconf 84' lang='lat' dir='ltr'><strong>vendicionem</strong></span> <span class='ocrx_word' id='word_1_140' title='bbox 1536 3291 1744 3378; x_wconf 82' lang='lat' dir='ltr'><strong>advocacie</strong></span> <span class='ocrx_word' id='word_1_141' title='bbox 1766 3287 1931 3379; x_wconf 69' lang='lat' dir='ltr'><strong>Civitatis</strong></span> <span class='ocrx_word' id='word_1_142' title='bbox 1955 3297 2099 3404; x_wconf 73' lang='lat' dir='ltr'><strong>ossyec</strong></span> 
     </span>
     <span class='ocr_line' id='line_1_18' title="bbox 467 3407 2098 3526; baseline -0.001 -28"><span class='ocrx_word' id='word_1_143' title='bbox 467 3409 505 3498; x_wconf 93' lang='lat' dir='ltr'><strong>in</strong></span> <span class='ocrx_word' id='word_1_144' title='bbox 525 3443 569 3499; x_wconf 87' lang='lat' dir='ltr'><strong>se</strong></span> <span class='ocrx_word' id='word_1_145' title='bbox 590 3412 835 3506; x_wconf 74' lang='lat' dir='ltr'><strong>continentes.</strong></span> <span class='ocrx_word' id='word_1_146' title='bbox 886 3407 935 3496; x_wconf 86' lang='lat' dir='ltr'><strong>Et</strong></span> <span class='ocrx_word' id='word_1_147' title='bbox 964 3410 1052 3526; x_wconf 89' lang='lat' dir='ltr'><strong>quia</strong></span> <span class='ocrx_word' id='word_1_148' title='bbox 1082 3441 1130 3495; x_wconf 86' lang='lat' dir='ltr'><strong>ex</strong></span> <span class='ocrx_word' id='word_1_149' title='bbox 1156 3420 1341 3496; x_wconf 69' lang='lat' dir='ltr'><strong>vetustate</strong></span> <span class='ocrx_word' id='word_1_150' title='bbox 1363 3440 1432 3526; x_wconf 86' lang='lat' dir='ltr'><strong>per</strong></span> <span class='ocrx_word' id='word_1_151' title='bbox 1454 3412 1632 3498; x_wconf 74' lang='lat' dir='ltr'><strong>vinearum</strong></span> <span class='ocrx_word' id='word_1_152' title='bbox 1653 3440 1721 3496; x_wconf 87' lang='lat' dir='ltr'><strong>seu</strong></span> <span class='ocrx_word' id='word_1_153' title='bbox 1742 3409 1896 3496; x_wconf 80' lang='lat' dir='ltr'><strong>aliorum</strong></span> <span class='ocrx_word' id='word_1_154' title='bbox 1917 3410 2098 3496; x_wconf 85' lang='lat' dir='ltr'><strong>vermium</strong></span> 
     </span>
    </p>

    <p class='ocr_par' dir='ltr' id='par_1_7' title="bbox 367 3524 2098 3883">
     <span class='ocr_line' id='line_1_19' title="bbox 367 3524 2098 3648; baseline -0.001 -31"><span class='ocrx_word' id='word_1_155' title='bbox 367 3553 371 3565; x_wconf 83' lang='grc'><strong><em>·</em></strong></span> <span class='ocrx_word' id='word_1_156' title='bbox 466 3527 747 3632; x_wconf 88' lang='lat' dir='ltr'><strong>corrosionem,</strong></span> <span class='ocrx_word' id='word_1_157' title='bbox 779 3557 855 3614; x_wconf 92' lang='lat' dir='ltr'><strong>non</strong></span> <span class='ocrx_word' id='word_1_158' title='bbox 882 3557 1014 3645; x_wconf 88' lang='lat' dir='ltr'><strong>parum</strong></span> <span class='ocrx_word' id='word_1_159' title='bbox 1047 3524 1235 3614; x_wconf 80' lang='lat' dir='ltr'><strong>demollile</strong></span> <span class='ocrx_word' id='word_1_160' title='bbox 1260 3543 1385 3635; x_wconf 85' lang='lat' dir='ltr'><strong>erant,</strong></span> <span class='ocrx_word' id='word_1_161' title='bbox 1418 3559 1528 3648; x_wconf 89' lang='lat' dir='ltr'><strong>quam</strong></span> <span class='ocrx_word' id='word_1_162' title='bbox 1551 3528 1701 3615; x_wconf 90' lang='lat' dir='ltr'><strong>obrem</strong></span> <span class='ocrx_word' id='word_1_163' title='bbox 1723 3526 1967 3645; x_wconf 76' lang='lat' dir='ltr'><strong>supplicatum</strong></span> <span class='ocrx_word' id='word_1_164' title='bbox 1990 3527 2098 3616; x_wconf 88' lang='lat' dir='ltr'><strong>nobis</strong></span> 
     </span>
     <span class='ocr_line' id='line_1_20' title="bbox 467 3643 2097 3764; baseline -0.002 -29"><span class='ocrx_word' id='word_1_165' title='bbox 467 3649 599 3752; x_wconf 77' lang='lat' dir='ltr'><strong>iuerat,</strong></span> <span class='ocrx_word' id='word_1_166' title='bbox 621 3662 660 3733; x_wconf 78' lang='lat' dir='ltr'><strong>ul</strong></span> <span class='ocrx_word' id='word_1_167' title='bbox 681 3645 836 3732; x_wconf 89' lang='lat' dir='ltr'><strong>easdem</strong></span> <span class='ocrx_word' id='word_1_168' title='bbox 858 3645 984 3732; x_wconf 78' lang='lat' dir='ltr'><strong>literas</strong></span> <span class='ocrx_word' id='word_1_169' title='bbox 1005 3646 1198 3751; x_wconf 84' lang='lat' dir='ltr'><strong>innovare,</strong></span> <span class='ocrx_word' id='word_1_170' title='bbox 1218 3662 1329 3764; x_wconf 77' lang='lat' dir='ltr'><strong>alque</strong></span> <span class='ocrx_word' id='word_1_171' title='bbox 1350 3649 1535 3734; x_wconf 89' lang='lat' dir='ltr'><strong>munimen</strong></span> <span class='ocrx_word' id='word_1_172' title='bbox 1556 3647 1643 3732; x_wconf 94' lang='lat' dir='ltr'><strong>novi</strong></span> <span class='ocrx_word' id='word_1_173' title='bbox 1664 3643 1813 3733; x_wconf 89' lang='lat' dir='ltr'><strong>roboris</strong></span> <span class='ocrx_word' id='word_1_174' title='bbox 1834 3677 1882 3732; x_wconf 89' lang='lat' dir='ltr'><strong>ac</strong></span> <span class='ocrx_word' id='word_1_175' title='bbox 1903 3646 2097 3734; x_wconf 81' lang='lat' dir='ltr'><strong>confirma·</strong></span> 
     </span>
     <span class='ocr_line' id='line_1_21' title="bbox 468 3762 1896 3883; baseline -0.003 -31"><span class='ocrx_word' id='word_1_176' title='bbox 468 3765 587 3865; x_wconf 87' lang='lat' dir='ltr'><strong>cionis</strong></span> <span class='ocrx_word' id='word_1_177' title='bbox 609 3776 823 3850; x_wconf 72' lang='lat' dir='ltr'><strong>nostrorum</strong></span> <span class='ocrx_word' id='word_1_178' title='bbox 845 3763 899 3849; x_wconf 88' lang='lat' dir='ltr'><strong>eis</strong></span> <span class='ocrx_word' id='word_1_179' title='bbox 920 3763 1072 3849; x_wconf 86' lang='lat' dir='ltr'><strong>adicere</strong></span> <span class='ocrx_word' id='word_1_180' title='bbox 1094 3762 1347 3882; x_wconf 82' lang='lat' dir='ltr'><strong>dignaremur.</strong></span> <span class='ocrx_word' id='word_1_181' title='bbox 1399 3763 1569 3876; x_wconf 84' lang='lat' dir='ltr'><strong>Quarum</strong></span> <span class='ocrx_word' id='word_1_182' title='bbox 1592 3767 1759 3883; x_wconf 73' lang='lat' dir='ltr'><strong>sequitur</strong></span> <span class='ocrx_word' id='word_1_183' title='bbox 1779 3778 1896 3850; x_wconf 71' lang='lat' dir='ltr'><strong>tenor:</strong></span> 
     </span>
    </p>

    <p class='ocr_par' dir='ltr' id='par_1_8' title="bbox 468 3879 2099 4710">
     <span class='ocr_line' id='line_1_22' title="bbox 570 3879 2097 4002; baseline -0.002 -34"><span class='ocrx_word' id='word_1_184' title='bbox 570 3885 674 3969; x_wconf 82' lang='lat'><strong>1365.</strong></span> <span class='ocrx_word' id='word_1_185' title='bbox 715 3879 757 3967; x_wconf 93' lang='lat' dir='ltr'><strong>ln</strong></span> <span class='ocrx_word' id='word_1_186' title='bbox 786 3882 933 3966; x_wconf 92' lang='lat' dir='ltr'><strong>nomine</strong></span> <span class='ocrx_word' id='word_1_187' title='bbox 961 3879 1124 3982; x_wconf 63' lang='lat' dir='ltr'><strong>domini,&#39;</strong></span> <span class='ocrx_word' id='word_1_188' title='bbox 1150 3911 1272 3968; x_wconf 85' lang='lat' dir='ltr'><strong>amen.</strong></span> <span class='ocrx_word' id='word_1_189' title='bbox 1324 3881 1529 3987; x_wconf 77' lang='lat' dir='ltr'><strong>Nouerinv,</strong></span> <span class='ocrx_word' id='word_1_190' title='bbox 1562 3883 1694 4002; x_wconf 91' lang='lat' dir='ltr'><strong>quibus</strong></span> <span class='ocrx_word' id='word_1_191' title='bbox 1723 3881 1871 3999; x_wconf 71' lang='lat' dir='ltr'><strong>expedit</strong></span> <span class='ocrx_word' id='word_1_192' title='bbox 1905 3882 2097 3970; x_wconf 86' lang='lat' dir='ltr'><strong>uniuersis:</strong></span> 
     </span>
     <span class='ocr_line' id='line_1_23' title="bbox 469 3995 2097 4117; baseline -0.001 -32"><span class='ocrx_word' id='word_1_193' title='bbox 469 3999 587 4116; x_wconf 88' lang='lat' dir='ltr'><strong>Quod</strong></span> <span class='ocrx_word' id='word_1_194' title='bbox 610 4031 681 4088; x_wconf 92' lang='lat' dir='ltr'><strong>oos</strong></span> <span class='ocrx_word' id='word_1_195' title='bbox 703 3999 914 4085; x_wconf 86' lang='lat' dir='ltr'><strong>Kazimirus</strong></span> <span class='ocrx_word' id='word_1_196' title='bbox 935 3995 995 4083; x_wconf 86' lang='lat' dir='ltr'><strong>dei</strong></span> <span class='ocrx_word' id='word_1_197' title='bbox 1016 3999 1147 4117; x_wconf 83' lang='lat' dir='ltr'><strong>gracia</strong></span> <span class='ocrx_word' id='word_1_198' title='bbox 1179 3997 1264 4085; x_wconf 84' lang='lat' dir='ltr'><strong>Rex</strong></span> <span class='ocrx_word' id='word_1_199' title='bbox 1297 3999 1472 4104; x_wconf 88' lang='lat' dir='ltr'><strong>Polonio‚</strong></span> <span class='ocrx_word' id='word_1_200' title='bbox 1505 4031 1575 4086; x_wconf 89' lang='lat' dir='ltr'><strong>neo</strong></span> <span class='ocrx_word' id='word_1_201' title='bbox 1595 4030 1671 4087; x_wconf 94' lang='lat' dir='ltr'><strong>non</strong></span> <span class='ocrx_word' id='word_1_202' title='bbox 1691 4015 1874 4086; x_wconf 74' lang='lat' dir='ltr'><strong>terrarum</strong></span> <span class='ocrx_word' id='word_1_203' title='bbox 1898 3999 2097 4100; x_wconf 89' lang='lat' dir='ltr'><strong>Craoouie‚</strong></span> 
     </span>
     <span class='ocr_line' id='line_1_24' title="bbox 468 4114 2099 4236; baseline -0.002 -32"><span class='ocrx_word' id='word_1_204' title='bbox 468 4117 724 4222; x_wconf 87' lang='lat' dir='ltr'><strong>Sandomirie,</strong></span> <span class='ocrx_word' id='word_1_205' title='bbox 756 4115 924 4220; x_wconf 90' lang='lat' dir='ltr'><strong>Siradie,</strong></span> <span class='ocrx_word' id='word_1_206' title='bbox 956 4114 1143 4222; x_wconf 69' lang='lat' dir='ltr'><strong>Laneion,</strong></span> <span class='ocrx_word' id='word_1_207' title='bbox 1175 4118 1352 4236; x_wconf 87' lang='lat' dir='ltr'><strong>Cuijavie‚</strong></span> <span class='ocrx_word' id='word_1_208' title='bbox 1372 4119 1609 4222; x_wconf 71' lang='lat' dir='ltr'><strong>pomeranie,</strong></span> <span class='ocrx_word' id='word_1_209' title='bbox 1629 4117 1848 4234; x_wconf 78' lang='lat' dir='ltr'><strong>Russiequ&#39;e</strong></span> <span class='ocrx_word' id='word_1_210' title='bbox 1868 4118 2042 4206; x_wconf 92' lang='lat' dir='ltr'><strong>dominus</strong></span> <span class='ocrx_word' id='word_1_211' title='bbox 2062 4127 2099 4204; x_wconf 77' lang='lat' dir='ltr'><strong>et</strong></span> 
     </span>
     <span class='ocr_line' id='line_1_25' title="bbox 469 4233 2098 4354; baseline -0.004 -30"><span class='ocrx_word' id='word_1_212' title='bbox 469 4234 580 4324; x_wconf 85' lang='lat' dir='ltr'><strong>heres</strong></span> <span class='ocrx_word' id='word_1_213' title='bbox 612 4247 682 4321; x_wconf 81' lang='lat' dir='ltr'><strong>etc.</strong></span> <span class='ocrx_word' id='word_1_214' title='bbox 734 4235 919 4322; x_wconf 71' lang='lat' dir='ltr'><strong>Utiiicaces</strong></span> <span class='ocrx_word' id='word_1_215' title='bbox 950 4233 1080 4354; x_wconf 78' lang='lat' dir='ltr'><strong>Regni</strong></span> <span class='ocrx_word' id='word_1_216' title='bbox 1112 4236 1229 4322; x_wconf 71' lang='lat' dir='ltr'><strong>nostri</strong></span> <span class='ocrx_word' id='word_1_217' title='bbox 1261 4236 1438 4322; x_wconf 70' lang='lat' dir='ltr'><strong>incertis</strong></span> <span class='ocrx_word' id='word_1_218' title='bbox 1473 4236 1642 4352; x_wconf 86' lang='lat' dir='ltr'><strong>pecunijs</strong></span> <span class='ocrx_word' id='word_1_219' title='bbox 1681 4233 1860 4353; x_wconf 88' lang='lat' dir='ltr'><strong>ampliare</strong></span> <span class='ocrx_word' id='word_1_220' title='bbox 1894 4239 2098 4352; x_wconf 74' lang='lat' dir='ltr'><strong>cupientes,</strong></span> 
     </span>
     <span class='ocr_line' id='line_1_26' title="bbox 469 4350 2098 4488; baseline -0.002 -48"><span class='ocrx_word' id='word_1_221' title='bbox 469 4367 608 4440; x_wconf 68' lang='lat' dir='ltr'><strong>extunc</strong></span> <span class='ocrx_word' id='word_1_222' title='bbox 640 4353 805 4488; x_wconf 83' lang='lat' dir='ltr'><strong>procidis</strong></span> <span class='ocrx_word' id='word_1_223' title='bbox 837 4354 924 4440; x_wconf 93' lang='lat' dir='ltr'><strong>viris</strong></span> <span class='ocrx_word' id='word_1_224' title='bbox 955 4350 1127 4442; x_wconf 87' lang='lat' dir='ltr'><strong>Hanroni</strong></span> <span class='ocrx_word' id='word_1_225' title='bbox 1149 4352 1310 4439; x_wconf 89' lang='lat' dir='ltr'><strong>condam</strong></span> <span class='ocrx_word' id='word_1_226' title='bbox 1338 4351 1538 4472; x_wconf 72' lang='lat' dir='ltr'><strong>Stephani,</strong></span> <span class='ocrx_word' id='word_1_227' title='bbox 1570 4370 1607 4440; x_wconf 79' lang='lat' dir='ltr'><strong>et</strong></span> <span class='ocrx_word' id='word_1_228' title='bbox 1626 4351 1767 4442; x_wconf 81' lang='lat' dir='ltr'><strong>Mathia</strong></span> <span class='ocrx_word' id='word_1_229' title='bbox 1788 4351 1982 4439; x_wconf 83' lang='lat' dir='ltr'><strong>Voiurami</strong></span> <span class='ocrx_word' id='word_1_230' title='bbox 2000 4351 2098 4466; x_wconf 81' lang='lat' dir='ltr'><strong>filijs,</strong></span> 
     </span>
     <span class='ocr_line' id='line_1_27' title="bbox 468 4469 2097 4583; baseline -0.004 -24"><span class='ocrx_word' id='word_1_231' title='bbox 468 4471 716 4560; x_wconf 77' lang='lat' dir='ltr'><strong>aduocacram</strong></span> <span class='ocrx_word' id='word_1_232' title='bbox 737 4488 904 4559; x_wconf 76' lang='lat' dir='ltr'><strong>nostram</strong></span> <span class='ocrx_word' id='word_1_233' title='bbox 926 4473 962 4558; x_wconf 93' lang='lat' dir='ltr'><strong>in</strong></span> <span class='ocrx_word' id='word_1_234' title='bbox 986 4475 1150 4583; x_wconf 69' lang='lat' dir='ltr'><strong>Osirjek,</strong></span> <span class='ocrx_word' id='word_1_235' title='bbox 1183 4471 1330 4560; x_wconf 73' lang='lat' dir='ltr'><strong>civitate</strong></span> <span class='ocrx_word' id='word_1_236' title='bbox 1350 4489 1482 4560; x_wconf 73' lang='lat' dir='ltr'><strong>nostra</strong></span> <span class='ocrx_word' id='word_1_237' title='bbox 1503 4501 1587 4558; x_wconf 88' lang='lat' dir='ltr'><strong>oum</strong></span> <span class='ocrx_word' id='word_1_238' title='bbox 1608 4469 1694 4557; x_wconf 78' lang='lat' dir='ltr'><strong>villa</strong></span> <span class='ocrx_word' id='word_1_239' title='bbox 1716 4470 1814 4560; x_wconf 74' lang='lat' dir='ltr'><strong>dicta</strong></span> <span class='ocrx_word' id='word_1_240' title='bbox 1849 4475 2097 4568; x_wconf 73' lang='lat' dir='ltr'><strong>Sekircdowa,</strong></span> 
     </span>
     <span class='ocr_line' id='line_1_28' title="bbox 469 4587 2098 4710; baseline -0.004 -31"><span class='ocrx_word' id='word_1_241' title='bbox 469 4589 675 4679; x_wconf 91' lang='lat' dir='ltr'><strong>secundum</strong></span> <span class='ocrx_word' id='word_1_242' title='bbox 699 4589 800 4710; x_wconf 86' lang='lat' dir='ltr'><strong>quod</strong></span> <span class='ocrx_word' id='word_1_243' title='bbox 822 4591 858 4677; x_wconf 91' lang='lat' dir='ltr'><strong>in</strong></span> <span class='ocrx_word' id='word_1_244' title='bbox 880 4591 958 4676; x_wconf 89' lang='lat' dir='ltr'><strong>suis</strong></span> <span class='ocrx_word' id='word_1_245' title='bbox 979 4591 1159 4708; x_wconf 78' lang='lat' dir='ltr'><strong>granicijs</strong></span> <span class='ocrx_word' id='word_1_246' title='bbox 1180 4605 1266 4677; x_wconf 77' lang='lat' dir='ltr'><strong>sunl</strong></span> <span class='ocrx_word' id='word_1_247' title='bbox 1286 4589 1477 4694; x_wconf 69' lang='lat' dir='ltr'><strong>discincta,</strong></span> <span class='ocrx_word' id='word_1_248' title='bbox 1507 4591 1543 4677; x_wconf 92' lang='lat' dir='ltr'><strong>in</strong></span> <span class='ocrx_word' id='word_1_249' title='bbox 1564 4587 1730 4678; x_wconf 79' lang='lat' dir='ltr'><strong>disninu</strong></span> <span class='ocrx_word' id='word_1_250' title='bbox 1751 4593 1935 4702; x_wconf 80' lang='lat' dir='ltr'><strong>Byeeensi</strong></span> <span class='ocrx_word' id='word_1_251' title='bbox 1953 4589 2098 4686; x_wconf 71' lang='lat' dir='ltr'><strong>situala,</strong></span> 
     </span>
    </p>
   </div>
   <div class='ocr_carea' id='block_1_7' title="bbox 470 4823 2097 5009">
    <p class='ocr_par' dir='ltr' id='par_1_9' title="bbox 470 4823 2097 5009">
     <span class='ocr_line' id='line_1_29' title="bbox 571 4823 2097 4927; baseline -0.003 -21"><span class='ocrx_word' id='word_1_252' title='bbox 571 4839 611 4922; x_wconf 62' lang='grc' dir='ltr'><strong>(Ι)</strong></span> <span class='ocrx_word' id='word_1_253' title='bbox 640 4841 667 4905; x_wconf 92' lang='lat' dir='ltr'>E</span> <span class='ocrx_word' id='word_1_254' title='bbox 689 4839 766 4905; x_wconf 87' lang='lat' dir='ltr'><strong>libro</strong></span> <span class='ocrx_word' id='word_1_255' title='bbox 789 4859 881 4906; x_wconf 87' lang='lat' dir='ltr'><strong>manu</strong></span> <span class='ocrx_word' id='word_1_256' title='bbox 904 4839 1015 4923; x_wconf 81' lang='lat' dir='ltr'><strong>scripto</strong></span> <span class='ocrx_word' id='word_1_257' title='bbox 1041 4837 1171 4906; x_wconf 78' lang='lat' dir='ltr'><strong>Matrica</strong></span> <span class='ocrx_word' id='word_1_258' title='bbox 1196 4841 1292 4927; x_wconf 81' lang='lat' dir='ltr'><strong>Regni</strong></span> <span class='ocrx_word' id='word_1_259' title='bbox 1316 4839 1397 4906; x_wconf 82' lang='lat' dir='ltr'><strong>dieto</strong></span> <span class='ocrx_word' id='word_1_260' title='bbox 1418 4840 1449 4904; x_wconf 91' lang='lat' dir='ltr'><strong>in</strong></span> <span class='ocrx_word' id='word_1_261' title='bbox 1472 4839 1664 4906; x_wconf 86' lang='lat' dir='ltr'><strong>Vorsaviensi</strong></span> <span class='ocrx_word' id='word_1_262' title='bbox 1686 4837 1838 4907; x_wconf 80' lang='lat' dir='ltr'><strong>tabulario</strong></span> <span class='ocrx_word' id='word_1_263' title='bbox 1861 4823 1981 4926; x_wconf 75' lang='lat' dir='ltr'><strong>publico</strong></span> <span class='ocrx_word' id='word_1_264' title='bbox 2003 4835 2097 4922; x_wconf 80' lang='lat' dir='ltr'><strong>Regni</strong></span> 
     </span>
     <span class='ocr_line' id='line_1_30' title="bbox 470 4921 1099 5009; baseline 0.002 -24"><span class='ocrx_word' id='word_1_265' title='bbox 470 4921 614 4989; x_wconf 86' lang='lat' dir='ltr'><strong>Polooioo</strong></span> <span class='ocrx_word' id='word_1_266' title='bbox 629 4933 785 4991; x_wconf 85' lang='lat' dir='ltr'><strong>ossaruato</strong></span> <span class='ocrx_word' id='word_1_267' title='bbox 802 4923 966 4992; x_wconf 78' lang='lat' dir='ltr'>N¹⁰.XV11.</span> <span class='ocrx_word' id='word_1_268' title='bbox 981 4943 1010 5009; x_wconf 90' lang='lat' dir='ltr'><strong>p.</strong></span> <span class='ocrx_word' id='word_1_269' title='bbox 1026 4921 1099 4988; x_wconf 76' lang='lat'><strong>280.</strong></span> 
     </span>
    </p>
   </div>
   <div class='ocr_carea' id='block_1_8' title="bbox 0 0 2395 5952">
    <p class='ocr_par' dir='ltr' id='par_1_10' title="bbox 0 0 2395 5952">
     <span class='ocr_line' id='line_1_31' title="bbox 0 0 2395 5952; baseline 0 0"><span class='ocrx_word' id='word_1_270' title='bbox 0 0 2395 5952; x_wconf 95' lang='lat' dir='ltr'><strong> </strong></span> 
     </span>
    </p>
   </div>
  </div>
 </body>
</html>
