<?xml version="1.0" encoding="UTF-8"?>
<!DOCTYPE html PUBLIC "-//W3C//DTD XHTML 1.0 Transitional//EN"
    "http://www.w3.org/TR/xhtml1/DTD/xhtml1-transitional.dtd">
<html xmlns="http://www.w3.org/1999/xhtml" xml:lang="en" lang="en">
 <head>
  <title>
</title>
<meta http-equiv="Content-Type" content="text/html;charset=utf-8" />
  <meta name='ocr-system' content='tesseract 3.04.00' />
  <meta name='ocr-capabilities' content='ocr_page ocr_carea ocr_par ocr_line ocrx_word'/>
</head>
<body>
  <div class='ocr_page' id='page_1' title='image "./codexdiplomatic02bartgoog_0390.png"; bbox 0 0 4800 5942; ppageno 0'>
   <div class='ocr_carea' id='block_1_1' title="bbox 1150 735 1423 808">
    <p class='ocr_par' dir='ltr' id='par_1_1' title="bbox 1150 735 1423 808">
     <span class='ocr_line' id='line_1_1' title="bbox 1150 735 1423 808; baseline -0.007 0"><span class='ocrx_word' id='word_1_1' title='bbox 1150 735 1423 808; x_wconf 76' lang='lat'><strong>-348-</strong></span> 
     </span>
    </p>
   </div>
   <div class='ocr_carea' id='block_1_2' title="bbox 348 929 2261 4345">
    <p class='ocr_par' dir='ltr' id='par_1_2' title="bbox 348 929 2261 4345">
     <span class='ocr_line' id='line_1_2' title="bbox 464 929 2099 1058; baseline -0.001 -30"><span class='ocrx_word' id='word_1_2' title='bbox 464 947 617 1058; x_wconf 76' lang='lat' dir='ltr'>Dpaletu</span> <span class='ocrx_word' id='word_1_3' title='bbox 637 951 908 1054; x_wconf 72' lang='lat' dir='ltr'>nuncupantur,</span> <span class='ocrx_word' id='word_1_4' title='bbox 929 935 979 1022; x_wconf 91' lang='lat' dir='ltr'>ab</span> <span class='ocrx_word' id='word_1_5' title='bbox 1000 934 1175 1048; x_wconf 90' lang='lat' dir='ltr'>omnique</span> <span class='ocrx_word' id='word_1_6' title='bbox 1196 964 1313 1022; x_wconf 92' lang='lat' dir='ltr'>onere</span> <span class='ocrx_word' id='word_1_7' title='bbox 1332 929 1593 1054; x_wconf 79' lang='lat' dir='ltr'>vectigalium,</span> <span class='ocrx_word' id='word_1_8' title='bbox 1613 957 1689 1046; x_wconf 88' lang='lat' dir='ltr'>que</span> <span class='ocrx_word' id='word_1_9' title='bbox 1706 944 1893 1050; x_wconf 78' lang='lat' dir='ltr'>podcodp</span> <span class='ocrx_word' id='word_1_10' title='bbox 1914 936 2099 1048; x_wconf 90' lang='lat' dir='ltr'>dicuntur,</span> 
     </span>
     <span class='ocr_line' id='line_1_3' title="bbox 465 1051 2100 1172; baseline -0.001 -25"><span class='ocrx_word' id='word_1_11' title='bbox 465 1060 695 1147; x_wconf 86' lang='lat' dir='ltr'>aduccioue</span> <span class='ocrx_word' id='word_1_12' title='bbox 715 1054 900 1172; x_wconf 89' lang='lat' dir='ltr'>lapidum,</span> <span class='ocrx_word' id='word_1_13' title='bbox 931 1054 1132 1160; x_wconf 90' lang='lat' dir='ltr'>roborum,</span> <span class='ocrx_word' id='word_1_14' title='bbox 1165 1054 1246 1140; x_wconf 84' lang='lat' dir='ltr'>sive</span> <span class='ocrx_word' id='word_1_15' title='bbox 1266 1051 1473 1171; x_wconf 82' lang='lat' dir='ltr'>lignorum,</span> <span class='ocrx_word' id='word_1_16' title='bbox 1505 1080 1577 1168; x_wconf 93' lang='lat' dir='ltr'>pro</span> <span class='ocrx_word' id='word_1_17' title='bbox 1607 1053 1804 1140; x_wconf 86' lang='lat' dir='ltr'>exustione</span> <span class='ocrx_word' id='word_1_18' title='bbox 1834 1052 1988 1142; x_wconf 89' lang='lat' dir='ltr'>laterum</span> <span class='ocrx_word' id='word_1_19' title='bbox 2017 1059 2100 1145; x_wconf 91' lang='lat' dir='ltr'>sive</span> 
     </span>
     <span class='ocr_line' id='line_1_4' title="bbox 454 1170 2099 1291; baseline -0.002 -25"><span class='ocrx_word' id='word_1_20' title='bbox 454 1178 633 1279; x_wconf 77' lang='lat' dir='ltr'>cementi,</span> <span class='ocrx_word' id='word_1_21' title='bbox 653 1204 723 1291; x_wconf 89' lang='lat' dir='ltr'>pro</span> <span class='ocrx_word' id='word_1_22' title='bbox 745 1174 881 1260; x_wconf 89' lang='lat' dir='ltr'>castris</span> <span class='ocrx_word' id='word_1_23' title='bbox 902 1173 976 1258; x_wconf 89' lang='lat' dir='ltr'>leni</span> <span class='ocrx_word' id='word_1_24' title='bbox 995 1171 1305 1275; x_wconf 86' lang='lat' dir='ltr'>falcastracione,</span> <span class='ocrx_word' id='word_1_25' title='bbox 1337 1185 1373 1258; x_wconf 88' lang='lat' dir='ltr'>et</span> <span class='ocrx_word' id='word_1_26' title='bbox 1392 1171 1474 1286; x_wconf 87' lang='lat' dir='ltr'>alijs</span> <span class='ocrx_word' id='word_1_27' title='bbox 1495 1171 1616 1258; x_wconf 90' lang='lat' dir='ltr'>minus</span> <span class='ocrx_word' id='word_1_28' title='bbox 1638 1171 1744 1258; x_wconf 83' lang='lat' dir='ltr'>iustis</span> <span class='ocrx_word' id='word_1_29' title='bbox 1764 1170 1966 1280; x_wconf 71' lang='lat' dir='ltr'>laboribus,</span> <span class='ocrx_word' id='word_1_30' title='bbox 1987 1176 2099 1264; x_wconf 90' lang='lat' dir='ltr'>soluti</span> 
     </span>
     <span class='ocr_line' id='line_1_5' title="bbox 464 1285 2097 1407; baseline -0.001 -25"><span class='ocrx_word' id='word_1_31' title='bbox 464 1298 553 1399; x_wconf 88' lang='lat' dir='ltr'>sint,</span> <span class='ocrx_word' id='word_1_32' title='bbox 584 1293 691 1380; x_wconf 89' lang='lat' dir='ltr'>liberi</span> <span class='ocrx_word' id='word_1_33' title='bbox 711 1292 862 1378; x_wconf 92' lang='lat' dir='ltr'>omnino</span> <span class='ocrx_word' id='word_1_34' title='bbox 892 1305 930 1378; x_wconf 91' lang='lat' dir='ltr'>et</span> <span class='ocrx_word' id='word_1_35' title='bbox 950 1290 1131 1407; x_wconf 86' lang='lat' dir='ltr'>exempti:</span> <span class='ocrx_word' id='word_1_36' title='bbox 1162 1288 1354 1375; x_wconf 80' lang='lat' dir='ltr'>laboribus</span> <span class='ocrx_word' id='word_1_37' title='bbox 1385 1303 1511 1375; x_wconf 88' lang='lat' dir='ltr'>tamen</span> <span class='ocrx_word' id='word_1_38' title='bbox 1536 1315 1608 1405; x_wconf 91' lang='lat' dir='ltr'>pro</span> <span class='ocrx_word' id='word_1_39' title='bbox 1628 1285 1866 1377; x_wconf 83' lang='lat' dir='ltr'>edificatione</span> <span class='ocrx_word' id='word_1_40' title='bbox 1887 1305 2097 1380; x_wconf 89' lang='lat' dir='ltr'>castrorum</span> 
     </span>
     <span class='ocr_line' id='line_1_6' title="bbox 463 1406 2098 1528; baseline 0 -30"><span class='ocrx_word' id='word_1_41' title='bbox 463 1411 588 1500; x_wconf 88' lang='lat' dir='ltr'>denuo</span> <span class='ocrx_word' id='word_1_42' title='bbox 610 1426 891 1528; x_wconf 89' lang='lat' dir='ltr'>oportunorum,</span> <span class='ocrx_word' id='word_1_43' title='bbox 913 1423 950 1494; x_wconf 90' lang='lat' dir='ltr'>et</span> <span class='ocrx_word' id='word_1_44' title='bbox 970 1409 1206 1518; x_wconf 88' lang='lat' dir='ltr'>antiquorum</span> <span class='ocrx_word' id='word_1_45' title='bbox 1226 1407 1499 1516; x_wconf 83' lang='lat' dir='ltr'>relormacione</span> <span class='ocrx_word' id='word_1_46' title='bbox 1520 1406 1699 1523; x_wconf 87' lang='lat' dir='ltr'>exceptis.</span> <span class='ocrx_word' id='word_1_47' title='bbox 1727 1406 1955 1525; x_wconf 81' lang='lat' dir='ltr'>Principum,</span> <span class='ocrx_word' id='word_1_48' title='bbox 1975 1409 2098 1498; x_wconf 81' lang='lat' dir='ltr'>Baro</span> 
     </span>
     <span class='ocr_line' id='line_1_7' title="bbox 463 1521 2100 1642; baseline 0 -26"><span class='ocrx_word' id='word_1_49' title='bbox 463 1560 572 1636; x_wconf 91' lang='lat' dir='ltr'>num,</span> <span class='ocrx_word' id='word_1_50' title='bbox 603 1525 810 1631; x_wconf 85' lang='lat' dir='ltr'>Nobilium,</span> <span class='ocrx_word' id='word_1_51' title='bbox 840 1521 1080 1642; x_wconf 87' lang='lat' dir='ltr'>Boyerorum</span> <span class='ocrx_word' id='word_1_52' title='bbox 1111 1523 1372 1612; x_wconf 84' lang='lat' dir='ltr'>kmetlronibus</span> <span class='ocrx_word' id='word_1_53' title='bbox 1401 1539 1438 1612; x_wconf 91' lang='lat' dir='ltr'>et</span> <span class='ocrx_word' id='word_1_54' title='bbox 1458 1521 1635 1628; x_wconf 90' lang='lat' dir='ltr'>subditis,</span> <span class='ocrx_word' id='word_1_55' title='bbox 1671 1552 1740 1639; x_wconf 92' lang='lat' dir='ltr'>per</span> <span class='ocrx_word' id='word_1_56' title='bbox 1767 1553 1838 1612; x_wconf 95' lang='lat' dir='ltr'>nos</span> <span class='ocrx_word' id='word_1_57' title='bbox 1869 1526 1924 1613; x_wconf 90' lang='lat' dir='ltr'>eis</span> <span class='ocrx_word' id='word_1_58' title='bbox 1944 1525 2043 1616; x_wconf 89' lang='lat' dir='ltr'>datis</span> <span class='ocrx_word' id='word_1_59' title='bbox 2063 1544 2100 1616; x_wconf 83' lang='lat' dir='ltr'>et</span> 
     </span>
     <span class='ocr_line' id='line_1_8' title="bbox 463 1641 2100 1764; baseline 0.001 -30"><span class='ocrx_word' id='word_1_60' title='bbox 463 1647 634 1754; x_wconf 90' lang='lat' dir='ltr'>donatis,</span> <span class='ocrx_word' id='word_1_61' title='bbox 665 1645 831 1734; x_wconf 91' lang='lat' dir='ltr'>similiter</span> <span class='ocrx_word' id='word_1_62' title='bbox 851 1645 1036 1759; x_wconf 89' lang='lat' dir='ltr'>exceptis:</span> <span class='ocrx_word' id='word_1_63' title='bbox 1057 1645 1230 1754; x_wconf 86' lang='lat' dir='ltr'>antiquas</span> <span class='ocrx_word' id='word_1_64' title='bbox 1251 1656 1374 1729; x_wconf 91' lang='lat' dir='ltr'>tamen</span> <span class='ocrx_word' id='word_1_65' title='bbox 1395 1657 1433 1729; x_wconf 93' lang='lat' dir='ltr'>et</span> <span class='ocrx_word' id='word_1_66' title='bbox 1453 1641 1593 1727; x_wconf 89' lang='lat' dir='ltr'>dudum</span> <span class='ocrx_word' id='word_1_67' title='bbox 1614 1656 1819 1730; x_wconf 86' lang='lat' dir='ltr'>consuetas</span> <span class='ocrx_word' id='word_1_68' title='bbox 1840 1671 1911 1764; x_wconf 90' lang='lat' dir='ltr'>pro</span> <span class='ocrx_word' id='word_1_69' title='bbox 1931 1645 2042 1756; x_wconf 88' lang='lat' dir='ltr'>nobis</span> <span class='ocrx_word' id='word_1_70' title='bbox 2062 1662 2100 1736; x_wconf 85' lang='lat' dir='ltr'>ct</span> 
     </span>
     <span class='ocr_line' id='line_1_9' title="bbox 463 1758 2145 1878; baseline -0.002 -26"><span class='ocrx_word' id='word_1_71' title='bbox 463 1765 753 1852; x_wconf 90' lang='lat' dir='ltr'>successoribus</span> <span class='ocrx_word' id='word_1_72' title='bbox 777 1762 916 1850; x_wconf 87' lang='lat' dir='ltr'>nostris</span> <span class='ocrx_word' id='word_1_73' title='bbox 938 1762 1254 1878; x_wconf 90' lang='lat' dir='ltr'>procuraciones,</span> <span class='ocrx_word' id='word_1_74' title='bbox 1280 1758 1471 1864; x_wconf 90' lang='lat' dir='ltr'>collectas,</span> <span class='ocrx_word' id='word_1_75' title='bbox 1493 1759 1693 1865; x_wconf 89' lang='lat' dir='ltr'>staciones,</span> <span class='ocrx_word' id='word_1_76' title='bbox 1715 1759 1889 1877; x_wconf 91' lang='lat' dir='ltr'>poncium</span> <span class='ocrx_word' id='word_1_77' title='bbox 1912 1789 2098 1852; x_wconf 85' lang='lat' dir='ltr'>novorum</span> <span class='ocrx_word' id='word_1_78' title='bbox 2141 1831 2145 1848; x_wconf 87' lang='lat'><em>.</em></span> 
     </span>
     <span class='ocr_line' id='line_1_10' title="bbox 465 1875 2100 1996; baseline 0.001 -28"><span class='ocrx_word' id='word_1_79' title='bbox 465 1884 696 1986; x_wconf 89' lang='lat' dir='ltr'>erecciones,</span> <span class='ocrx_word' id='word_1_80' title='bbox 711 1895 879 1968; x_wconf 89' lang='lat' dir='ltr'>veterum</span> <span class='ocrx_word' id='word_1_81' title='bbox 896 1879 1176 1996; x_wconf 88' lang='lat' dir='ltr'>reperaciones,</span> <span class='ocrx_word' id='word_1_82' title='bbox 1191 1891 1229 1964; x_wconf 89' lang='lat' dir='ltr'>et</span> <span class='ocrx_word' id='word_1_83' title='bbox 1243 1879 1387 1964; x_wconf 89' lang='lat' dir='ltr'>viarum</span> <span class='ocrx_word' id='word_1_84' title='bbox 1403 1879 1709 1982; x_wconf 90' lang='lat' dir='ltr'>relormacioues,</span> <span class='ocrx_word' id='word_1_85' title='bbox 1725 1875 1829 1964; x_wconf 92' lang='lat' dir='ltr'>illese</span> <span class='ocrx_word' id='word_1_86' title='bbox 1844 1906 2100 1984; x_wconf 74' lang='lat' dir='ltr'>reservamus</span> 
     </span>
     <span class='ocr_line' id='line_1_11' title="bbox 464 1992 2097 2112; baseline -0.001 -25"><span class='ocrx_word' id='word_1_87' title='bbox 464 2016 501 2087; x_wconf 92' lang='lat' dir='ltr'>et</span> <span class='ocrx_word' id='word_1_88' title='bbox 532 2028 600 2087; x_wconf 91' lang='lat' dir='ltr'>eas</span> <span class='ocrx_word' id='word_1_89' title='bbox 631 2029 721 2087; x_wconf 91' lang='lat' dir='ltr'>esse</span> <span class='ocrx_word' id='word_1_90' title='bbox 749 1998 923 2085; x_wconf 87' lang='lat' dir='ltr'>volumus</span> <span class='ocrx_word' id='word_1_91' title='bbox 949 2026 1100 2111; x_wconf 90' lang='lat' dir='ltr'>semper</span> <span class='ocrx_word' id='word_1_92' title='bbox 1127 1995 1265 2084; x_wconf 83' lang='lat' dir='ltr'>salvas.</span> <span class='ocrx_word' id='word_1_93' title='bbox 1320 1995 1413 2082; x_wconf 88' lang='lat' dir='ltr'>ltem</span> <span class='ocrx_word' id='word_1_94' title='bbox 1442 1994 1546 2112; x_wconf 87' lang='lat' dir='ltr'>quod</span> <span class='ocrx_word' id='word_1_95' title='bbox 1579 2024 1650 2083; x_wconf 89' lang='lat' dir='ltr'>nos</span> <span class='ocrx_word' id='word_1_96' title='bbox 1681 2008 1745 2080; x_wconf 87' lang='lat' dir='ltr'>aut</span> <span class='ocrx_word' id='word_1_97' title='bbox 1765 1992 1947 2084; x_wconf 86' lang='lat' dir='ltr'>officiales</span> <span class='ocrx_word' id='word_1_98' title='bbox 1968 2000 2097 2106; x_wconf 86' lang='lat' dir='ltr'>nostri,</span> 
     </span>
     <span class='ocr_line' id='line_1_12' title="bbox 409 2109 2098 2233; baseline 0.001 -31"><span class='ocrx_word' id='word_1_99' title='bbox 409 2111 414 2118; x_wconf 72' lang='grc'><strong>’</strong></span> <span class='ocrx_word' id='word_1_100' title='bbox 491 2118 692 2204; x_wconf 89' lang='lat' dir='ltr'>relatorum</span> <span class='ocrx_word' id='word_1_101' title='bbox 713 2115 947 2233; x_wconf 90' lang='lat' dir='ltr'>Principum,</span> <span class='ocrx_word' id='word_1_102' title='bbox 974 2111 1189 2219; x_wconf 88' lang='lat' dir='ltr'>Beronum,</span> <span class='ocrx_word' id='word_1_103' title='bbox 1219 2109 1427 2218; x_wconf 89' lang='lat' dir='ltr'>Nobilium,</span> <span class='ocrx_word' id='word_1_104' title='bbox 1458 2129 1495 2200; x_wconf 91' lang='lat' dir='ltr'>et</span> <span class='ocrx_word' id='word_1_105' title='bbox 1515 2113 1658 2202; x_wconf 89' lang='lat' dir='ltr'>Civium</span> <span class='ocrx_word' id='word_1_106' title='bbox 1680 2125 1893 2199; x_wconf 86' lang='lat' dir='ltr'>nostrarum</span> <span class='ocrx_word' id='word_1_107' title='bbox 1916 2129 2098 2204; x_wconf 85' lang='lat' dir='ltr'>terrerum</span> 
     </span>
     <span class='ocr_line' id='line_1_13' title="bbox 463 2147 2261 2351; baseline 0.001 -30"><span class='ocrx_word' id='word_1_108' title='bbox 463 2147 678 2340; x_wconf 63' lang='lat' dir='ltr'>liitbvanie,</span> <span class='ocrx_word' id='word_1_109' title='bbox 709 2232 871 2337; x_wconf 87' lang='lat' dir='ltr'>Russie,</span> <span class='ocrx_word' id='word_1_110' title='bbox 896 2230 1129 2350; x_wconf 79' lang='lat' dir='ltr'>Sernogitbie</span> <span class='ocrx_word' id='word_1_111' title='bbox 1150 2247 1220 2318; x_wconf 90' lang='lat' dir='ltr'>etc.</span> <span class='ocrx_word' id='word_1_112' title='bbox 1241 2229 1412 2318; x_wconf 90' lang='lat' dir='ltr'>homines</span> <span class='ocrx_word' id='word_1_113' title='bbox 1432 2231 1647 2318; x_wconf 88' lang='lat' dir='ltr'>tributarios</span> <span class='ocrx_word' id='word_1_114' title='bbox 1667 2260 1716 2316; x_wconf 86' lang='lat' dir='ltr'>ex</span> <span class='ocrx_word' id='word_1_115' title='bbox 1736 2231 1905 2351; x_wconf 78' lang='lat' dir='ltr'>origine,</span> <span class='ocrx_word' id='word_1_116' title='bbox 1937 2247 1972 2320; x_wconf 91' lang='lat' dir='ltr'>et</span> <span class='ocrx_word' id='word_1_117' title='bbox 1993 2233 2096 2322; x_wconf 85' lang='lat' dir='ltr'>lune-</span> <span class='ocrx_word' id='word_1_118' title='bbox 2259 2304 2261 2311; x_wconf 83' lang='grc'>.</span> 
     </span>
     <span class='ocr_line' id='line_1_14' title="bbox 463 2347 2226 2467; baseline 0.001 -30"><span class='ocrx_word' id='word_1_119' title='bbox 463 2351 598 2462; x_wconf 61' lang='lat' dir='ltr'>thonas</span> <span class='ocrx_word' id='word_1_120' title='bbox 628 2352 837 2467; x_wconf 89' lang='lat' dir='ltr'>mancipios</span> <span class='ocrx_word' id='word_1_121' title='bbox 867 2365 904 2436; x_wconf 89' lang='lat' dir='ltr'>et</span> <span class='ocrx_word' id='word_1_122' title='bbox 925 2349 1132 2454; x_wconf 77' lang='lat' dir='ltr'>obnoxioS,</span> <span class='ocrx_word' id='word_1_123' title='bbox 1164 2348 1422 2466; x_wconf 90' lang='lat' dir='ltr'>cuiuscunque</span> <span class='ocrx_word' id='word_1_124' title='bbox 1452 2377 1567 2436; x_wconf 87' lang='lat' dir='ltr'>sexus</span> <span class='ocrx_word' id='word_1_125' title='bbox 1596 2347 1747 2454; x_wconf 86' lang='lat' dir='ltr'>luerint,</span> <span class='ocrx_word' id='word_1_126' title='bbox 1779 2363 1843 2435; x_wconf 88' lang='lat' dir='ltr'>aut</span> <span class='ocrx_word' id='word_1_127' title='bbox 1863 2349 2096 2439; x_wconf 89' lang='lat' dir='ltr'>condicionis</span> <span class='ocrx_word' id='word_1_128' title='bbox 2221 2373 2226 2392; x_wconf 84' lang='lat'>&#39;</span> 
     </span>
     <span class='ocr_line' id='line_1_15' title="bbox 464 2463 2094 2585; baseline 0 -31"><span class='ocrx_word' id='word_1_129' title='bbox 464 2471 667 2572; x_wconf 83' lang='lat' dir='ltr'>extiterint,</span> <span class='ocrx_word' id='word_1_130' title='bbox 698 2497 773 2554; x_wconf 93' lang='lat' dir='ltr'>non</span> <span class='ocrx_word' id='word_1_131' title='bbox 805 2467 1072 2580; x_wconf 90' lang='lat' dir='ltr'>suscipiemus,</span> <span class='ocrx_word' id='word_1_132' title='bbox 1105 2493 1178 2550; x_wconf 91' lang='lat' dir='ltr'>nec</span> <span class='ocrx_word' id='word_1_133' title='bbox 1209 2463 1389 2553; x_wconf 85' lang='lat' dir='ltr'>officiales</span> <span class='ocrx_word' id='word_1_134' title='bbox 1420 2481 1573 2552; x_wconf 88' lang='lat' dir='ltr'>nostros</span> <span class='ocrx_word' id='word_1_135' title='bbox 1604 2469 1800 2585; x_wconf 89' lang='lat' dir='ltr'>suscipere</span> <span class='ocrx_word' id='word_1_136' title='bbox 1830 2468 2094 2583; x_wconf 85' lang='lat' dir='ltr'>permittemus:</span> 
     </span>
     <span class='ocr_line' id='line_1_16' title="bbox 490 2578 2098 2704; baseline 0.002 -35"><span class='ocrx_word' id='word_1_137' title='bbox 490 2578 655 2670; x_wconf 73' lang='lat' dir='ltr'>uod&#39;et&#39;i</span> <span class='ocrx_word' id='word_1_138' title='bbox 685 2586 717 2670; x_wconf 90' lang='lat' dir='ltr'>si</span> <span class='ocrx_word' id='word_1_139' title='bbox 736 2581 897 2686; x_wconf 89' lang='lat' dir='ltr'>Prelati,</span> <span class='ocrx_word' id='word_1_140' title='bbox 931 2580 1147 2696; x_wconf 80' lang='lat' dir='ltr'>Principes,</span> <span class='ocrx_word' id='word_1_141' title='bbox 1174 2579 1565 2688; x_wconf 86' lang='lat' dir='ltr'>Berones,.Nobiles,</span> <span class='ocrx_word' id='word_1_142' title='bbox 1586 2582 1747 2699; x_wconf 87' lang='lat' dir='ltr'>Boijari,</span> <span class='ocrx_word' id='word_1_143' title='bbox 1768 2598 1806 2670; x_wconf 88' lang='lat' dir='ltr'>et</span> <span class='ocrx_word' id='word_1_144' title='bbox 1828 2583 2098 2704; x_wconf 82' lang='lat' dir='ltr'>CivesMagni</span> 
     </span>
     <span class='ocr_line' id='line_1_17' title="bbox 464 2614 2098 2817; baseline 0.002 -30"><span class='ocrx_word' id='word_1_145' title='bbox 464 2617 637 2787; x_wconf 71' lang='lat' dir='ltr'>Nucctus</span> <span class='ocrx_word' id='word_1_146' title='bbox 657 2614 871 2804; x_wconf 72' lang='lat' dir='ltr'>iithvanie,</span> <span class='ocrx_word' id='word_1_147' title='bbox 903 2692 1063 2802; x_wconf 87' lang='lat' dir='ltr'>Russie,</span> <span class='ocrx_word' id='word_1_148' title='bbox 1089 2695 1320 2817; x_wconf 82' lang='lat' dir='ltr'>Semogitbie</span> <span class='ocrx_word' id='word_1_149' title='bbox 1340 2712 1411 2784; x_wconf 90' lang='lat' dir='ltr'>etc.</span> <span class='ocrx_word' id='word_1_150' title='bbox 1433 2714 1585 2786; x_wconf 91' lang='lat' dir='ltr'>nostros</span> <span class='ocrx_word' id='word_1_151' title='bbox 1605 2715 1644 2786; x_wconf 89' lang='lat' dir='ltr'>et</span> <span class='ocrx_word' id='word_1_152' title='bbox 1662 2701 1928 2785; x_wconf 86' lang='lat' dir='ltr'>&#39;successorum</span> <span class='ocrx_word' id='word_1_153' title='bbox 1948 2719 2098 2792; x_wconf 83' lang='lat' dir='ltr'>nostro</span> 
     </span>
     <span class='ocr_line' id='line_1_18' title="bbox 465 2813 2097 2931; baseline 0.001 -27"><span class='ocrx_word' id='word_1_154' title='bbox 465 2845 546 2904; x_wconf 93' lang='lat' dir='ltr'>rum</span> <span class='ocrx_word' id='word_1_155' title='bbox 569 2814 733 2904; x_wconf 89' lang='lat' dir='ltr'>similiter</span> <span class='ocrx_word' id='word_1_156' title='bbox 752 2813 944 2919; x_wconf 84' lang='lat' dir='ltr'>homines,</span> <span class='ocrx_word' id='word_1_157' title='bbox 965 2815 1223 2931; x_wconf 86' lang='lat' dir='ltr'>cuiuscunque</span> <span class='ocrx_word' id='word_1_158' title='bbox 1243 2827 1381 2921; x_wconf 88' lang='lat' dir='ltr'>status,</span> <span class='ocrx_word' id='word_1_159' title='bbox 1406 2845 1541 2919; x_wconf 79' lang='lat' dir='ltr'>senne,</span> <span class='ocrx_word' id='word_1_160' title='bbox 1562 2813 1877 2902; x_wconf 87' lang='lat' dir='ltr'>autcondicionis</span> <span class='ocrx_word' id='word_1_161' title='bbox 1899 2817 2097 2926; x_wconf 86' lang='lat' dir='ltr'>extiterint,</span> 
     </span>
     <span class='ocr_line' id='line_1_19' title="bbox 463 2930 2095 3053; baseline 0 -30"><span class='ocrx_word' id='word_1_162' title='bbox 463 2961 541 3023; x_wconf 93' lang='lat' dir='ltr'>nou</span> <span class='ocrx_word' id='word_1_163' title='bbox 561 2934 777 3050; x_wconf 82' lang='lat' dir='ltr'>suscipiant,</span> <span class='ocrx_word' id='word_1_164' title='bbox 800 2961 872 3018; x_wconf 91' lang='lat' dir='ltr'>nec</span> <span class='ocrx_word' id='word_1_165' title='bbox 892 2962 961 3050; x_wconf 90' lang='lat' dir='ltr'>per</span> <span class='ocrx_word' id='word_1_166' title='bbox 981 2961 1035 3036; x_wconf 90' lang='lat' dir='ltr'>se,</span> <span class='ocrx_word' id='word_1_167' title='bbox 1056 2930 1117 3016; x_wconf 91' lang='lat' dir='ltr'>vel</span> <span class='ocrx_word' id='word_1_168' title='bbox 1137 2959 1206 3048; x_wconf 90' lang='lat' dir='ltr'>per</span> <span class='ocrx_word' id='word_1_169' title='bbox 1225 2932 1336 3018; x_wconf 90' lang='lat' dir='ltr'>alium</span> <span class='ocrx_word' id='word_1_170' title='bbox 1357 2944 1465 3018; x_wconf 81' lang='lat' dir='ltr'>suum</span> <span class='ocrx_word' id='word_1_171' title='bbox 1487 2931 1685 3019; x_wconf 88' lang='lat' dir='ltr'>officialem</span> <span class='ocrx_word' id='word_1_172' title='bbox 1705 2932 1901 3050; x_wconf 83' lang='lat' dir='ltr'>suscipere</span> <span class='ocrx_word' id='word_1_173' title='bbox 1921 2931 2095 3053; x_wconf 90' lang='lat' dir='ltr'>quoquo·</span> 
     </span>
     <span class='ocr_line' id='line_1_20' title="bbox 464 3048 2096 3169; baseline 0.001 -30"><span class='ocrx_word' id='word_1_174' title='bbox 464 3051 580 3140; x_wconf 92' lang='lat' dir='ltr'>modo</span> <span class='ocrx_word' id='word_1_175' title='bbox 601 3063 828 3169; x_wconf 84' lang='lat' dir='ltr'>presumant</span> <span class='ocrx_word' id='word_1_176' title='bbox 876 3051 968 3137; x_wconf 88' lang='lat' dir='ltr'>ltem</span> <span class='ocrx_word' id='word_1_177' title='bbox 1000 3077 1115 3165; x_wconf 93' lang='lat' dir='ltr'>super</span> <span class='ocrx_word' id='word_1_178' title='bbox 1148 3048 1318 3137; x_wconf 89' lang='lat' dir='ltr'>subditos</span> <span class='ocrx_word' id='word_1_179' title='bbox 1348 3048 1601 3167; x_wconf 92' lang='lat' dir='ltr'>predictorum</span> <span class='ocrx_word' id='word_1_180' title='bbox 1622 3048 1858 3167; x_wconf 85' lang='lat' dir='ltr'>Principum,</span> <span class='ocrx_word' id='word_1_181' title='bbox 1890 3048 2096 3160; x_wconf 81' lang='lat' dir='ltr'>Beronum,</span> 
     </span>
     <span class='ocr_line' id='line_1_21' title="bbox 465 3164 2098 3284; baseline 0.002 -30"><span class='ocrx_word' id='word_1_182' title='bbox 465 3167 672 3272; x_wconf 92' lang='lat' dir='ltr'>Nobilium,</span> <span class='ocrx_word' id='word_1_183' title='bbox 703 3182 741 3254; x_wconf 87' lang='lat' dir='ltr'>et</span> <span class='ocrx_word' id='word_1_184' title='bbox 771 3168 1030 3284; x_wconf 88' lang='lat' dir='ltr'>Boijarorum,</span> <span class='ocrx_word' id='word_1_185' title='bbox 1065 3164 1330 3255; x_wconf 88' lang='lat' dir='ltr'>Ministeriales</span> <span class='ocrx_word' id='word_1_186' title='bbox 1361 3168 1455 3254; x_wconf 89' lang='lat' dir='ltr'>alias</span> <span class='ocrx_word' id='word_1_187' title='bbox 1485 3173 1685 3282; x_wconf 75' lang='lat' dir='ltr'>Dpeczkpe</span> <span class='ocrx_word' id='word_1_188' title='bbox 1704 3195 1780 3254; x_wconf 94' lang='lat' dir='ltr'>non</span> <span class='ocrx_word' id='word_1_189' title='bbox 1801 3164 1992 3258; x_wconf 88' lang='lat' dir='ltr'>dabimus:</span> <span class='ocrx_word' id='word_1_190' title='bbox 2026 3173 2098 3258; x_wconf 87' lang='lat' dir='ltr'>nisi</span> 
     </span>
     <span class='ocr_line' id='line_1_22' title="bbox 465 3283 2097 3406; baseline 0.002 -35"><span class='ocrx_word' id='word_1_191' title='bbox 465 3288 569 3406; x_wconf 88' lang='lat' dir='ltr'>prius</span> <span class='ocrx_word' id='word_1_192' title='bbox 590 3317 614 3372; x_wconf 87' lang='lat' dir='ltr'>a</span> <span class='ocrx_word' id='word_1_193' title='bbox 635 3285 798 3386; x_wconf 87' lang='lat' dir='ltr'>domino,</span> <span class='ocrx_word' id='word_1_194' title='bbox 826 3288 933 3374; x_wconf 88' lang='lat' dir='ltr'>cuius</span> <span class='ocrx_word' id='word_1_195' title='bbox 953 3283 1125 3373; x_wconf 88' lang='lat' dir='ltr'>subditus</span> <span class='ocrx_word' id='word_1_196' title='bbox 1145 3286 1275 3373; x_wconf 86' lang='lat' dir='ltr'>lecerit</span> <span class='ocrx_word' id='word_1_197' title='bbox 1294 3285 1473 3390; x_wconf 85' lang='lat' dir='ltr'>iniuriam,</span> <span class='ocrx_word' id='word_1_198' title='bbox 1505 3286 1649 3372; x_wconf 90' lang='lat' dir='ltr'>iusticia</span> <span class='ocrx_word' id='word_1_199' title='bbox 1670 3285 1778 3373; x_wconf 88' lang='lat' dir='ltr'>luerit</span> <span class='ocrx_word' id='word_1_200' title='bbox 1797 3284 2002 3404; x_wconf 87' lang='lat' dir='ltr'>postulata:</span> <span class='ocrx_word' id='word_1_201' title='bbox 2033 3291 2097 3405; x_wconf 90' lang='lat' dir='ltr'>qui</span> 
     </span>
     <span class='ocr_line' id='line_1_23' title="bbox 465 3389 2172 3508; baseline 0.001 -17"><span class='ocrx_word' id='word_1_202' title='bbox 465 3406 555 3491; x_wconf 91' lang='lat' dir='ltr'>siin</span> <span class='ocrx_word' id='word_1_203' title='bbox 578 3407 732 3492; x_wconf 91' lang='lat' dir='ltr'>termino</span> <span class='ocrx_word' id='word_1_204' title='bbox 754 3419 859 3490; x_wconf 86' lang='lat' dir='ltr'>certo</span> <span class='ocrx_word' id='word_1_205' title='bbox 881 3402 1041 3491; x_wconf 84' lang='lat' dir='ltr'>eandem</span> <span class='ocrx_word' id='word_1_206' title='bbox 1071 3404 1199 3491; x_wconf 88' lang='lat' dir='ltr'>lacere</span> <span class='ocrx_word' id='word_1_207' title='bbox 1218 3404 1400 3507; x_wconf 89' lang='lat' dir='ltr'>renuerit,</span> <span class='ocrx_word' id='word_1_208' title='bbox 1432 3416 1569 3492; x_wconf 83' lang='lat' dir='ltr'>extunc</span> <span class='ocrx_word' id='word_1_209' title='bbox 1588 3418 1720 3490; x_wconf 89' lang='lat' dir='ltr'>noster</span> <span class='ocrx_word' id='word_1_210' title='bbox 1740 3403 2006 3508; x_wconf 79' lang='lat' dir='ltr'>ministerialis,</span> <span class='ocrx_word' id='word_1_211' title='bbox 2038 3407 2096 3492; x_wconf 90' lang='lat' dir='ltr'>vel</span> <span class='ocrx_word' id='word_1_212' title='bbox 2163 3389 2172 3416; x_wconf 84' lang='grc'><strong>’</strong></span> 
     </span>
     <span class='ocr_line' id='line_1_24' title="bbox 463 3519 2137 3640; baseline 0.001 -31"><span class='ocrx_word' id='word_1_213' title='bbox 463 3536 677 3609; x_wconf 93' lang='lat' dir='ltr'>nostrorum</span> <span class='ocrx_word' id='word_1_214' title='bbox 712 3520 923 3619; x_wconf 83' lang='lat' dir='ltr'>officialium</span> <span class='ocrx_word' id='word_1_215' title='bbox 959 3536 1019 3609; x_wconf 92' lang='lat' dir='ltr'>est</span> <span class='ocrx_word' id='word_1_216' title='bbox 1048 3519 1290 3640; x_wconf 58' lang='lat' dir='ltr'>dirigendum</span> <span class='ocrx_word' id='word_1_217' title='bbox 1317 3527 1365 3607; x_wconf 89' lang='lat' dir='ltr'>&#39;et</span> <span class='ocrx_word' id='word_1_218' title='bbox 1394 3549 1503 3625; x_wconf 91' lang='lat' dir='ltr'>reus,</span> <span class='ocrx_word' id='word_1_219' title='bbox 1535 3519 1597 3638; x_wconf 90' lang='lat' dir='ltr'>qui</span> <span class='ocrx_word' id='word_1_220' title='bbox 1618 3550 1752 3637; x_wconf 88' lang='lat' dir='ltr'>penam</span> <span class='ocrx_word' id='word_1_221' title='bbox 1774 3522 1967 3626; x_wconf 89' lang='lat' dir='ltr'>meruerit,</span> <span class='ocrx_word' id='word_1_222' title='bbox 1999 3522 2096 3611; x_wconf 89' lang='lat' dir='ltr'>illam</span> <span class='ocrx_word' id='word_1_223' title='bbox 2130 3621 2137 3635; x_wconf 56' lang='grc'>,</span> 
     </span>
     <span class='ocr_line' id='line_1_25' title="bbox 348 3634 2126 3774; baseline 0.004 -52"><span class='ocrx_word' id='word_1_224' title='bbox 348 3693 362 3722; x_wconf 57' lang='lat' dir='ltr'>t</span> <span class='ocrx_word' id='word_1_225' title='bbox 464 3637 618 3725; x_wconf 92' lang='lat' dir='ltr'>domino</span> <span class='ocrx_word' id='word_1_226' title='bbox 638 3669 726 3743; x_wconf 92' lang='lat' dir='ltr'>suc,</span> <span class='ocrx_word' id='word_1_227' title='bbox 757 3655 795 3727; x_wconf 90' lang='lat' dir='ltr'>et</span> <span class='ocrx_word' id='word_1_228' title='bbox 814 3669 890 3727; x_wconf 93' lang='lat' dir='ltr'>nou</span> <span class='ocrx_word' id='word_1_229' title='bbox 911 3638 1016 3726; x_wconf 89' lang='lat' dir='ltr'>alteri</span> <span class='ocrx_word' id='word_1_230' title='bbox 1037 3641 1085 3728; x_wconf 88' lang='lat' dir='ltr'>sit</span> <span class='ocrx_word' id='word_1_231' title='bbox 1104 3639 1280 3727; x_wconf 89' lang='lat' dir='ltr'>astrictus</span> <span class='ocrx_word' id='word_1_232' title='bbox 1301 3634 1368 3750; x_wconf 67' lang='lat'><strong>(2).</strong></span> <span class='ocrx_word' id='word_1_233' title='bbox 1423 3635 1472 3726; x_wconf 89' lang='lat' dir='ltr'>Et</span> <span class='ocrx_word' id='word_1_234' title='bbox 1484 3654 1684 3756; x_wconf 88' lang='lat' dir='ltr'>preterea,</span> <span class='ocrx_word' id='word_1_235' title='bbox 1716 3640 1910 3756; x_wconf 89' lang='lat' dir='ltr'>cupientes</span> <span class='ocrx_word' id='word_1_236' title='bbox 1929 3641 2096 3774; x_wconf 89' lang='lat' dir='ltr'>prelatos</span> <span class='ocrx_word' id='word_1_237' title='bbox 2121 3683 2126 3690; x_wconf 44' lang='lat'><em>*</em></span> 
     </span>
     <span class='ocr_line' id='line_1_26' title="bbox 465 3753 2096 3874; baseline 0.001 -32"><span class='ocrx_word' id='word_1_238' title='bbox 465 3755 662 3855; x_wconf 87' lang='lat' dir='ltr'>Preletos,</span> <span class='ocrx_word' id='word_1_239' title='bbox 697 3756 914 3874; x_wconf 83' lang='lat' dir='ltr'>Principes,</span> <span class='ocrx_word' id='word_1_240' title='bbox 949 3756 1145 3864; x_wconf 85' lang='lat' dir='ltr'>Berones,</span> <span class='ocrx_word' id='word_1_241' title='bbox 1177 3753 1353 3864; x_wconf 87' lang='lat' dir='ltr'>Nobiles,</span> <span class='ocrx_word' id='word_1_242' title='bbox 1383 3755 1564 3872; x_wconf 88' lang='lat' dir='ltr'>Boijaros</span> <span class='ocrx_word' id='word_1_243' title='bbox 1594 3769 1631 3844; x_wconf 90' lang='lat' dir='ltr'>et</span> <span class='ocrx_word' id='word_1_244' title='bbox 1660 3755 1793 3860; x_wconf 88' lang='lat' dir='ltr'>Cives,</span> <span class='ocrx_word' id='word_1_245' title='bbox 1829 3785 1898 3871; x_wconf 92' lang='lat' dir='ltr'>pro</span> <span class='ocrx_word' id='word_1_246' title='bbox 1929 3786 2096 3872; x_wconf 90' lang='lat' dir='ltr'>rpsorum</span> 
     </span>
     <span class='ocr_line' id='line_1_27' title="bbox 446 3873 2097 3994; baseline 0.002 -34"><span class='ocrx_word' id='word_1_247' title='bbox 446 3903 448 3910; x_wconf 90' lang='lat'>·</span> <span class='ocrx_word' id='word_1_248' title='bbox 491 3875 707 3992; x_wconf 82' lang='lat' dir='ltr'>rerogativa</span> <span class='ocrx_word' id='word_1_249' title='bbox 743 3901 791 3958; x_wconf 87' lang='lat' dir='ltr'>ao</span> <span class='ocrx_word' id='word_1_250' title='bbox 824 3875 1068 3990; x_wconf 87' lang='lat' dir='ltr'>recreacione</span> <span class='ocrx_word' id='word_1_251' title='bbox 1103 3874 1278 3990; x_wconf 89' lang='lat' dir='ltr'>speciali,</span> <span class='ocrx_word' id='word_1_252' title='bbox 1314 3874 1421 3961; x_wconf 91' lang='lat' dir='ltr'>novis</span> <span class='ocrx_word' id='word_1_253' title='bbox 1456 3874 1600 3994; x_wconf 80' lang='lat' dir='ltr'>gracijs</span> <span class='ocrx_word' id='word_1_254' title='bbox 1634 3886 1674 3960; x_wconf 91' lang='lat' dir='ltr'>et</span> <span class='ocrx_word' id='word_1_255' title='bbox 1702 3873 2010 3961; x_wconf 85' lang='lat' dir='ltr'>concessionibus</span> <span class='ocrx_word' id='word_1_256' title='bbox 2047 3903 2097 3962; x_wconf 89' lang='lat' dir='ltr'>ac</span> 
     </span>
     <span class='ocr_line' id='line_1_28' title="bbox 464 3903 2096 4108; baseline 0.001 -30"><span class='ocrx_word' id='word_1_257' title='bbox 464 3903 696 4079; x_wconf 87' lang='lat' dir='ltr'>libertatibus</span> <span class='ocrx_word' id='word_1_258' title='bbox 715 3987 878 4078; x_wconf 90' lang='lat' dir='ltr'>reddere</span> <span class='ocrx_word' id='word_1_259' title='bbox 899 3991 1137 4093; x_wconf 79' lang='lat' dir='ltr'>consolatos,</span> <span class='ocrx_word' id='word_1_260' title='bbox 1169 4007 1206 4078; x_wconf 86' lang='lat' dir='ltr'>ct</span> <span class='ocrx_word' id='word_1_261' title='bbox 1225 3990 1275 4078; x_wconf 93' lang='lat' dir='ltr'>ad</span> <span class='ocrx_word' id='word_1_262' title='bbox 1295 4005 1485 4077; x_wconf 86' lang='lat' dir='ltr'>recentem</span> <span class='ocrx_word' id='word_1_263' title='bbox 1506 3990 1693 4080; x_wconf 89' lang='lat' dir='ltr'>lidelitatis</span> <span class='ocrx_word' id='word_1_264' title='bbox 1723 3988 1889 4108; x_wconf 86' lang='lat' dir='ltr'>predicte</span> <span class='ocrx_word' id='word_1_265' title='bbox 1913 4017 2096 4107; x_wconf 85' lang='lat' dir='ltr'>persove-</span> 
     </span>
     <span class='ocr_line' id='line_1_29' title="bbox 430 4105 2096 4230; baseline 0.004 -36"><span class='ocrx_word' id='word_1_266' title='bbox 430 4144 434 4153; x_wconf 92' lang='lat'><em>·</em></span> <span class='ocrx_word' id='word_1_267' title='bbox 466 4111 633 4196; x_wconf 90' lang='lat' dir='ltr'>renciam</span> <span class='ocrx_word' id='word_1_268' title='bbox 654 4109 820 4212; x_wconf 88' lang='lat' dir='ltr'>invitare,</span> <span class='ocrx_word' id='word_1_269' title='bbox 842 4106 892 4193; x_wconf 93' lang='lat' dir='ltr'>de</span> <span class='ocrx_word' id='word_1_270' title='bbox 911 4107 1151 4225; x_wconf 83' lang='lat' dir='ltr'>benignitatis</span> <span class='ocrx_word' id='word_1_271' title='bbox 1171 4124 1302 4198; x_wconf 89' lang='lat' dir='ltr'>nostre</span> <span class='ocrx_word' id='word_1_272' title='bbox 1321 4109 1453 4230; x_wconf 82' lang='lat' dir='ltr'>gracia</span> <span class='ocrx_word' id='word_1_273' title='bbox 1474 4109 1674 4228; x_wconf 79' lang='lat' dir='ltr'>singulari,</span> <span class='ocrx_word' id='word_1_274' title='bbox 1700 4105 1897 4195; x_wconf 92' lang='lat' dir='ltr'>nonnullos</span> <span class='ocrx_word' id='word_1_275' title='bbox 1916 4108 2096 4200; x_wconf 86' lang='lat' dir='ltr'>articulos</span> 
     </span>
     <span class='ocr_line' id='line_1_30' title="bbox 468 4224 2097 4345; baseline 0 -33"><span class='ocrx_word' id='word_1_276' title='bbox 468 4227 724 4342; x_wconf 78' lang='lat' dir='ltr'>infrascriptos</span> <span class='ocrx_word' id='word_1_277' title='bbox 746 4224 886 4313; x_wconf 88' lang='lat' dir='ltr'>eisdem</span> <span class='ocrx_word' id='word_1_278' title='bbox 908 4227 1188 4333; x_wconf 89' lang='lat' dir='ltr'>concessimus,</span> <span class='ocrx_word' id='word_1_279' title='bbox 1221 4225 1537 4342; x_wconf 88' lang='lat' dir='ltr'>concedimusque</span> <span class='ocrx_word' id='word_1_280' title='bbox 1585 4256 1628 4312; x_wconf 89' lang='lat' dir='ltr'>er</span> <span class='ocrx_word' id='word_1_281' title='bbox 1646 4238 1854 4345; x_wconf 87' lang='lat' dir='ltr'>presentes.</span> <span class='ocrx_word' id='word_1_282' title='bbox 1906 4224 1958 4313; x_wconf 88' lang='lat' dir='ltr'>Et</span> <span class='ocrx_word' id='word_1_283' title='bbox 1978 4228 2097 4342; x_wconf 90' lang='lat' dir='ltr'>primo</span> 
     </span>
    </p>
   </div>
   <div class='ocr_carea' id='block_1_3' title="bbox 465 4335 2096 4581">
    <p class='ocr_par' dir='ltr' id='par_1_3' title="bbox 465 4335 2096 4581">
     <span class='ocr_line' id='line_1_31' title="bbox 465 4335 2096 4548; baseline 0.001 -119"><span class='ocrx_word' id='word_1_284' title='bbox 465 4371 514 4430; x_wconf 91' lang='lat' dir='ltr'>ac</span> <span class='ocrx_word' id='word_1_285' title='bbox 533 4343 793 4548; x_wconf 81' lang='lat' dir='ltr'>princippliter,</span> <span class='ocrx_word' id='word_1_286' title='bbox 814 4343 1059 4461; x_wconf 89' lang='lat' dir='ltr'>promittimus</span> <span class='ocrx_word' id='word_1_287' title='bbox 1080 4373 1128 4431; x_wconf 92' lang='lat' dir='ltr'>ac</span> <span class='ocrx_word' id='word_1_288' title='bbox 1148 4343 1389 4461; x_wconf 88' lang='lat' dir='ltr'>spondemus:</span> <span class='ocrx_word' id='word_1_289' title='bbox 1412 4335 1513 4464; x_wconf 93' lang='lat' dir='ltr'>quod</span> <span class='ocrx_word' id='word_1_290' title='bbox 1563 4346 1698 4432; x_wconf 87' lang='lat' dir='ltr'>omiuia</span> <span class='ocrx_word' id='word_1_291' title='bbox 1718 4373 1786 4432; x_wconf 90' lang='lat' dir='ltr'>seu</span> <span class='ocrx_word' id='word_1_292' title='bbox 1803 4355 1923 4431; x_wconf 88' lang='lat' dir='ltr'>terras</span> <span class='ocrx_word' id='word_1_293' title='bbox 1938 4342 2096 4461; x_wconf 77' lang='lat' dir='ltr'>Magni·</span> 
     </span>
     <span class='ocr_line' id='line_1_32' title="bbox 465 4460 2095 4581; baseline 0.001 -34"><span class='ocrx_word' id='word_1_294' title='bbox 465 4460 627 4574; x_wconf 77' lang='lat' dir='ltr'>ducatus</span> <span class='ocrx_word' id='word_1_295' title='bbox 682 4460 841 4549; x_wconf 88' lang='lat' dir='ltr'>&#39;thvanie</span> <span class='ocrx_word' id='word_1_296' title='bbox 862 4490 938 4549; x_wconf 94' lang='lat' dir='ltr'>non</span> <span class='ocrx_word' id='word_1_297' title='bbox 958 4461 1222 4571; x_wconf 90' lang='lat' dir='ltr'>diminuemus,</span> <span class='ocrx_word' id='word_1_298' title='bbox 1248 4461 1316 4549; x_wconf 90' lang='lat' dir='ltr'>sed</span> <span class='ocrx_word' id='word_1_299' title='bbox 1338 4464 1374 4550; x_wconf 95' lang='lat' dir='ltr'>in</span> <span class='ocrx_word' id='word_1_300' title='bbox 1396 4462 1474 4552; x_wconf 89' lang='lat' dir='ltr'>suis</span> <span class='ocrx_word' id='word_1_301' title='bbox 1494 4463 1677 4567; x_wconf 89' lang='lat' dir='ltr'>limitibus,</span> <span class='ocrx_word' id='word_1_302' title='bbox 1699 4476 1811 4581; x_wconf 90' lang='lat' dir='ltr'>prout</span> <span class='ocrx_word' id='word_1_303' title='bbox 1830 4476 2095 4550; x_wconf 88' lang='lat' dir='ltr'>antecessores</span> 
     </span>
    </p>
   </div>
   <div class='ocr_carea' id='block_1_4' title="bbox 860 4705 864 4720">
    <p class='ocr_par' dir='ltr' id='par_1_4' title="bbox 860 4705 864 4720">
     <span class='ocr_line' id='line_1_33' title="bbox 860 4705 864 4720; baseline 0 0"><span class='ocrx_word' id='word_1_304' title='bbox 860 4705 864 4720; x_wconf 87' lang='lat' dir='ltr'>l</span> 
     </span>
    </p>
   </div>
   <div class='ocr_carea' id='block_1_5' title="bbox 469 4752 2096 4931">
    <p class='ocr_par' dir='ltr' id='par_1_5' title="bbox 469 4752 2096 4931">
     <span class='ocr_line' id='line_1_34' title="bbox 568 4752 2096 4854; baseline 0 -27"><span class='ocrx_word' id='word_1_305' title='bbox 568 4761 607 4844; x_wconf 67' lang='grc' dir='ltr'>Ρ)</span> <span class='ocrx_word' id='word_1_306' title='bbox 636 4763 740 4828; x_wconf 86' lang='lat' dir='ltr'>Hucus</span> <span class='ocrx_word' id='word_1_307' title='bbox 784 4783 801 4827; x_wconf 91' lang='lat' dir='ltr'>e</span> <span class='ocrx_word' id='word_1_308' title='bbox 823 4780 856 4826; x_wconf 92' lang='lat' dir='ltr'>re</span> <span class='ocrx_word' id='word_1_309' title='bbox 895 4761 969 4828; x_wconf 87' lang='lat' dir='ltr'>titur</span> <span class='ocrx_word' id='word_1_310' title='bbox 990 4762 1110 4830; x_wconf 86' lang='lat' dir='ltr'>nonnisi</span> <span class='ocrx_word' id='word_1_311' title='bbox 1129 4763 1322 4854; x_wconf 79' lang='lat' dir='ltr'>priuilegium</span> <span class='ocrx_word' id='word_1_312' title='bbox 1343 4785 1361 4832; x_wconf 80' lang='lat' dir='ltr'>a</span> <span class='ocrx_word' id='word_1_313' title='bbox 1383 4764 1466 4850; x_wconf 80' lang='lat' dir='ltr'>Rege</span> <span class='ocrx_word' id='word_1_314' title='bbox 1488 4761 1636 4834; x_wconf 84' lang='lat' dir='ltr'>Casimiro</span> <span class='ocrx_word' id='word_1_315' title='bbox 1651 4752 1732 4834; x_wconf 82' lang='lat' dir='ltr'>anno</span> <span class='ocrx_word' id='word_1_316' title='bbox 1748 4763 1830 4830; x_wconf 74' lang='lat' dir='ltr'>rost</span> <span class='ocrx_word' id='word_1_317' title='bbox 1847 4782 2034 4840; x_wconf 85' lang='lat' dir='ltr'>concessum,</span> <span class='ocrx_word' id='word_1_318' title='bbox 2047 4781 2096 4828; x_wconf 87' lang='lat' dir='ltr'>su·</span> 
     </span>
     <span class='ocr_line' id='line_1_35' title="bbox 469 4845 1672 4931; baseline 0.002 -20"><span class='ocrx_word' id='word_1_319' title='bbox 469 4845 572 4931; x_wconf 80' lang='lat' dir='ltr'>perius</span> <span class='ocrx_word' id='word_1_320' title='bbox 587 4845 643 4914; x_wconf 61' lang='grc' dir='ltr'>ΝΜ</span> <span class='ocrx_word' id='word_1_321' title='bbox 656 4845 706 4917; x_wconf 84' lang='lat' dir='ltr'>CL</span> <span class='ocrx_word' id='word_1_322' title='bbox 798 4845 877 4912; x_wconf 86' lang='lat' dir='ltr'>Vlll.</span> <span class='ocrx_word' id='word_1_323' title='bbox 892 4863 959 4931; x_wconf 79' lang='lat' dir='ltr'>pag.</span> <span class='ocrx_word' id='word_1_324' title='bbox 973 4845 1036 4914; x_wconf 80' lang='lat'>333</span> <span class='ocrx_word' id='word_1_325' title='bbox 1052 4847 1184 4913; x_wconf 82' lang='lat' dir='ltr'>allatum.</span> <span class='ocrx_word' id='word_1_326' title='bbox 1669 4859 1672 4864; x_wconf 86' lang='grc'><em>“</em></span> 
     </span>
    </p>
   </div>
   <div class='ocr_carea' id='block_1_6' title="bbox 0 0 2404 5940">
    <p class='ocr_par' dir='ltr' id='par_1_6' title="bbox 0 0 2404 5940">
     <span class='ocr_line' id='line_1_36' title="bbox 0 0 2404 5940; baseline 0 0"><span class='ocrx_word' id='word_1_327' title='bbox 0 0 2404 5940; x_wconf 95' lang='lat' dir='ltr'> </span> 
     </span>
    </p>
   </div>
  </div>
 </body>
</html>
