4778 5952
1021 750 1298 826 -sot-

345 950 529 1055 Siradiae,
556 949 984 1054 baineiamelluiauioe,
1013 949 1232 1043 Lithuaniae
1252 949 1485 1066 suppremus
1505 952 1694 1068 princepe,
1715 898 1976 1059 Pomeraoiae,
2128 1035 2141 1052 .

344 1069 588 1187 Russinsque
620 1067 803 1159 Dominus
834 1080 872 1154 ot
891 1066 1046 1158 haeres:
1078 1067 1345 1188 significamus
1373 1082 1505 1161 tenore
1537 1068 1809 1184 praesentium,
1842 1069 1978 1189 quibus

265 1190 269 1201 '
347 1185 498 1305 expedit
518 1185 713 1289 uniuersis,
736 1200 809 1274 tum
824 1186 1088 1302 praesentibus
1105 1215 1216 1306 qoam
1232 1185 1380 1276 tuturis:
1401 1183 1517 1299 Quod
1534 1215 1604 1302 pro
1620 1201 1727 1302 parte
1741 1184 1993 1305 Waszlronis,

346 1303 665 1422 Thepthucowicz
692 1301 813 1394 fidelis
837 1305 981 1406 nostri,
1015 1321 1168 1400 nostrae
1196 1300 1403 1394 celsitudini
1444 1301 1571 1394 oblata
1595 1302 1977 1421 petitionontiuebat,

253 1475 261 1490 ·
372 1435 531 1512 ualemus
547 1421 675 1512 literas
696 1421 935 1512 Sereuissimi
954 1421 1141 1544 Principis
1162 1419 1356 1525 Vladislai,
1376 1418 1448 1507 Dei
1464 1422 1587 1540 gratia
1607 1420 1726 1520 Ducis
1748 1418 1977 1537 Opoliensis,

409 1539 496 1629 mini
519 1538 766 1629 Vieluniensis
787 1553 826 1628 et
843 1539 1023 1647 Russiae,
1044 1571 1159 1659 super
1169 1539 1280 1628 villas
1300 1543 1503 1627 Strzelz'cze
1518 1541 1556 1628 in
1570 1538 1884 1644 tarraconensi,
1904 1573 1978 1632 nec

344 1687 422 1748 non
440 1662 631 1757 Wirztcsz
647 1670 685 1744 et
698 1663 953 1768 Melcitp‘ncse
968 1673 1006 1746 et
1020 1664 1278 1756 Gwoszdzecz,
1296 1672 1428 1746 nostro
1444 1657 1621 1754 Districtu
1634 1657 1717 1768 (sic)
1736 1655 1977 1769 Coloniensi,

347 1774 396 1866 de
417 1776 541 1865 innata
562 1775 672 1866 nobis
692 1775 922 1896 benignitate
943 1776 1177 1881 consumare,
1199 1774 1385 1866 ratificare
1405 1791 1443 1864 et
1461 1775 1677 1893 approbare
1697 1775 1792 1887 (sic),
1814 1807 1886 1870 nec
1900 1807 1978 1868 non
2079 1817 2080 1820 ¹
2216 1831 2220 1846 ·

346 1894 665 2009 praenominatum
683 1893 954 2002 Waszltoocm,
970 1926 1054 1986 cum
1071 1897 1150 1984 suis
1166 1894 1340 2013 legitimis
1357 1893 1657 1996 successoribus,
1678 1892 1727 1980 de
1736 1894 1977 2008 jure-leudali
2063 2001 2076 2022 α
2220 1965 2224 1977 .

274 2045 281 2056 ·
344 2011 441 2100 alias
471 2017 702 2126 Szttnsle‘epo
720 2013 812 2125 -(sic)
834 2015 1094 2130 exciperemus
1113 2029 1151 2102 et
1171 2011 1499 2117 confirmaremus
1531 2013 1631 2100 omni
1651 2040 1810 2129 prorsus
1830 2013 1919 2102 vitio
1940 2029 1978 2104 et

344 2129 553 2245 suspitione
574 2143 758 2218 carentes.
795 2127 965 2244 Quarum
987 2132 1175 2222 literarum
1197 2132 1365 2247 sequitur
1386 2145 1509 2220 tenor:

449 2249 550 2336 tata.
591 2247 633 2335 ln
654 2249 803 2340 nombre
824 2246 973 2352 domini,
993 2279 1117 2341 umen.-
1160 2249 1280 2348 [lecet
1304 2245 1561 2335 excellentiam
1582 2247 1800 2363 principum,
1821 2278 1977 2345 sucrum

345 2361 580 2460 subditurum
611 2365 819 2456 commodis
851 2380 888 2456 st
917 2367 1132 2456 utilitatibus
1160 2364 1373 2468 intendere,
1404 2379 1460 2466 ut,
1490 2360 1577 2453 dum
1598 2393 1727 2450 eorum
1748 2367 1977 2480 profectibus

346 2481 558 2601 inuigilant,
589 2484 695 2598 ipsos
716 2481 927 2574 inhonoris
948 2485 1007 2577 sui
1028 2485 1261 2600 promotione
1283 2495 1321 2566 et
1340 2481 1501 2596 seruitijs
1521 2483 1683 2568 sentient
1712 2486 1976 2600 promptiores.

346 2595 430 2686 Nos
451 2600 563 2718 igitur
592 2600 811 2688 Vladislaus
843 2599 916 2690 Ilei
943 2604 1067 2718 gretia
1087 2601 1175 2688 Dux
1195 2598 1459 2718 Oppoliensis,
1489 2598 1675 2685 Dominus
1695 2597 1979 2714 Wyelunieusis

346 2731 385 2803 et
414 2715 582 2804 Russiae
612 2730 683 2806 etc.
733 2716 795 2803 Ad
831 2732 1050 2834 perpetuam
1088 2720 1142 2806 rei
1177 2719 1392 2825 memoriam
1424 2715 1596 2804 volumus
1633 2730 1765 2805 tenure
1800 2749 1978 2833 praesen.

346 2834 436 2922 tium
476 2833 675 2938 deuenire;
728 2834 844 2948 Quod
885 2836 1063 2951 inspeetis
1102 2835 1273 2924 fidelibus
1314 2849 1351 2920 et
1391 2831 1748 2923 commendabilibus
1783 2837 1977 2956 obsequijs

347 2947 581 3038 Waszltonis
602 2952 939 3069 Thepthucowicz,
966 2953 1087 3042 lidelis
1108 2956 1226 3042 nostri
1247 2952 1379 3056 dilecti,
1401 2952 1510 3042 nobis
1531 2950 1919 3069 plurimumexlribitis
1940 2969 1977 3040 ct
2034 3048 2039 3055 ,

345 3065 482 3166 adhuc,
506 3083 617 3158 aucto
637 3069 825 3158 fidelitatis
846 3070 981 3176 studio,
1002 3073 1112 3160 nobis
1133 3087 1171 3159 et
1190 3071 1329 3158 nostris
1349 3070 1648 3174 successoribus,
1679 3069 1810 3158 luturis
1830 3071 1975 3188 tempo·

347 3182 450 3272 ribus
480 3185 648 3275 crebrius
674 3187 916 3293 exhibendis,
945 3204 1092 3275 maturo
1113 3202 1326 3276 nostrorum
1349 3189 1538 3276 seniorum
1565 3185 1785 3302 praehabito
1808 3191 1976 3296 consilio,

347 3301 397 3391 de
417 3319 545 3392 nostra
567 3304 750 3423 largitatis
772 3305 1021 3396 munificentia
1041 3308 1206 3424 speciali,
1229 3305 1582 3410 eidemWaszlroui
1603 3320 1640 3390 et
1654 3305 1732 3390 suis
1751 3305 1976 3401 haeredibus

346 3418 521 3540 legitimis
555 3423 926 3526 assessoribus,
958 3424 1064 3512 villas
1096 3440 1247 3514 nostras
1274 3422 1466 3514 videlicet:
1497 3427 1700 3508 Strzelt'cze
1730 3423 1766 3508 in
1796 3423 1975 3512 Districtu
2038 3517 2041 3524 ,
2170 3511 2171 3520 Ν

345 3537 798 3643 nostroZudaczouiensi,
816 3547 1005 3640 Wizbcsz
1021 3557 1058 3629 et
1069 3536 1372 3650 Mttattptwnd)
1390 3541 1425 3624 in
1442 3538 1618 3626 Districtu
1635 3537 1875 3644 Colomiensi,
1891 3571 1976 3628 cunr

343 3654 519 3747 omnibus
548 3671 585 3744 et
605 3657 763 3775 singulis
784 3659 987 3748 earundem
1009 3659 1256 3776 pertinentijs,
1281 3656 1429 3774 juribus
1451 3671 1489 3742 et
1509 3649 1701 3771 dominijS,
1734 3658 1976 3774 prouentibus

345 3787 384 3862 et
405 3773 713 3882 obueotionibuS,
745 3774 940 3878 censibus,
963 3775 1170 3867 redditibus
1192 3792 1232 3863 et
1248 3776 1515 3882 emolumentis,
1537 3790 1647 3894 prout
1667 3772 1789 3862 dictae
1810 3775 1919 3864 villae
1938 3779 1976 3864 el

343 3921 475 3984 aarum
497 3891 695 4010 quaelibet,
715 3897 753 3984 iu
770 3895 852 3982 suis
872 3897 979 3989 natis
998 3911 1051 3986 et‘
1086 3896 1228 4012 runitijs
1247 3895 1421 3988 limitatae
1441 3908 1527 3982 sunt
1546 3893 1924 3983 circumferentialiter
1938 3909 1976 3997 et

342 4007 529 4114 distincte,
555 4041 640 4100 oum
657 4015 765 4133 agris
788 4014 896 4106 cultis
916 4029 953 4102 et
972 3925 1129 4121 incultis,
1150 4029 1187 4102 et
1207 4013 1257 4102 de
1276 4045 1379 4105 nouo
1399 4011 1639 4129 extirpandis,
1661 4012 1788 4124 pratis,
1808 4013 1974 4128 pascuis,

343 4127 482 4240 syluis,
507 4128 666 4235 rubeus,
687 4132 854 4237 maricis,
875 4133 1108 4238 nemoribus,
1128 4133 1405 4239 venationibus,
1424 4128 1754 4247 aucupationibus,
1776 4129 1973 4240 montibus,

314 4357 320 4366 ἡ
343 4241 514 4348 collibus,
530 4244 699 4352 vallibus,
716 4249 958 4363 planiciebus
976 4254 1096 4366 aquis,
1111 4281 1343 4368 aquarumve
1359 4247 1593 4349 decursibus,
1609 4247 1844 4366 caeterisque
1860 4249 1975 4346 omni-

341 4361 420 4450 bus
445 4377 484 4454 et
503 4363 662 4481 siugulis
686 4367 935 4484 pertinentijs,
967 4367 1180 4464 utilitatibus
1203 4385 1239 4456 et
1259 4365 1530 4472 usufructibus,
1560 4395 1631 4483 pro
1651 4395 1753 4468 nunc
1772 4367 1810 4461 in
1831 4365 1974 4455 eisdem

346 4481 608 4596 existentibus,
644 4498 756 4601 prout
784 4511 857 4574 uos
887 4485 957 4576 soli
987 4485 1142 4574 casdem
1173 4485 1281 4577 villas
1312 4483 1493 4575 tenuiotus
1522 4500 1563 4572 et
1590 4484 1648 4570 usi
1678 4513 1829 4590 sumus,
1864 4483 1973 4579 nullis

344 4781 487 4938 utisullrl
499 4785 555 4938 lrl1
545 4809 666 4940 discutio
680 4873 865 4941 Coloniensi
879 4873 954 4940 sitae
968 4880 1172 4940 muensentur.
1767 4971 1800 5028 31

573 4787 704 4875 ltityncs,
727 4769 905 4875 septisol
921 4783 1065 4874 Strzylce,
1088 4781 1973 4870 moratores,vittaaintnuieelocorumttsgniunlnrs
2108 4875 2112 4882 ¹
2146 4797 2158 4819 ⁴
