4788 5926
1037 761 1285 832 ..55-

351 973 578 1064 constructo,
630 974 667 1046 31
705 956 880 1046 iratribus
901 956 1037 1045 ibidem
1079 958 1152 1046 deo
1193 959 1473 1064 famulantibus
1534 991 1604 1078 pro
1646 964 1766 1050 salute
1786 977 1916 1050 nostra
1938 981 1975 1050 et

349 1093 544 1196 parentum
574 1091 809 1179 nostrorum,
850 1072 900 1160 ad
930 1077 1153 1190 peticionem
1185 1079 1312 1164 matris
1343 1095 1492 1183 nostre,
1534 1077 1671 1167 devota
1698 1080 1917 1169 liberalitate
1938 1083 1975 1168 in
2041 1134 2045 1145 ·

348 1197 454 1301 31113,
495 1217 569 1306 que
589 1194 723 1284 dicitur
741 1200 899 1280 Boclao
918 1190 983 1298 (3.),
1025 1195 1273 1281 3311333333
1293 1212 1438 1310 partem
1480 1199 1517 1283 13
1553 1198 1795 1284 elemosinam
1817 1200 1973 1288 cuntuli—
2025 1231 2042 1268 3

349 1347 453 1422 mus,
477 1313 526 1399 de
548 1327 626 1400 toto
648 1315 728 1400 sale
747 1311 887 1414 Ducis,
908 1311 1010 1419 quod
1031 1314 1067 1397 in
1089 1314 1233 1429 prelato
1254 1313 1341 1400 loco
1363 1328 1422 1400 est
1440 1315 1500 1401 331
1513 1343 1610 1406 esse
1630 1317 1787 1430 poterit,
1813 1331 1976 1434 excepto

349 1435 429 1520 sele
450 1431 553 1543 quod
573 1430 623 1517 ad
643 1445 808 1518 cestrum
831 1429 1017 1516 Creoovie
1038 1431 1258 1539 abantiquo
1280 1432 1464 1546 pertinere
1485 1434 1741 1552 cognoscitur,
1771 1436 1916 1520 ratione
1936 1449 1975 1519 et

347 1551 465 1638 modo
485 1550 547 1636 1311
567 1561 731 1636 servato:
764 1546 866 1659 quod
888 1549 945 1633 331
966 1547 1100 1634 ducale
1121 1550 1201 1636 sive
1220 1579 1291 1667 per
1312 1579 1526 1654 mensurae,
1558 1552 1638 1636 sive
1658 1579 1727 1666 333
1747 1551 1889 1655 313333,
1913 1553 1973 1638 331

349 1671 468 1754 eciem
484 1661 802 1784 333133133311111)
824 1665 1074 1770 distribuatur,
1095 1666 1351 1754 nichilominus
1373 1679 1496 1754 tamen
1519 1667 1567 1752 de
1587 1671 1670 1784 ipso
1691 1668 1771 1754 sale
1792 1669 1973 1786 prelatum

340 1785 547 1893 ‚cenobium
568 1813 705 1870 nonem
727 1800 870 1900 partem
892 1786 1083 1901 percipiet
1143 1783 1186 1869 13
1212 1801 1289 1897 'qua
1322 1787 1503 1901 porcione
1533 1785 1619 1872 33111
1652 1787 1801 1872 omnino
1822 1784 1974 1896 aliquod

347 1905 405 1988 ius
426 1902 537 2014 113331
560 1901 718 2004 babere,
758 1901 1013 2013 velaliquem
1045 1902 1212 1988 iniuriam
1243 1905 1387 2006 lacere,
1428 1903 1497 1990 sed
1529 1903 1735 1990 elemosina
1765 1917 1896 1990 nostra
1927 1933 1974 1988 33
2111 1936 2114 1941 ·

345 2019 514 2105 1113331313
545 2018 857 2134 et'pleuitudine,
898 2045 972 2130 qua
1004 2018 1146 2105 donata
1176 2034 1249 2122 est,
1291 2025 1440 2137 semper
1471 2020 1649 2136 gaudeat.
1711 2020 1892 2107 Pretcrea
1925 2021 1995 2106 de'

346 2137 503 2224 oonsilio
525 2152 741 2228 nostrorum
760 2137 957 2224 Beronum
981 2138 1166 2224 communi
1199 2138 1339 2224 utilitati
1370 2139 1489 2224 nostri
1518 2137 1688 2226 Ducatus
1720 2139 1973 2254 providentes

345 2254 484 2340 Abbati
520 2267 558 2337 et
591 2253 765 2340 iratribus
796 2253 1044 2368 prenominati
1065 2257 1279 2369 monasterij
1318 2253 1390 2338 1313
1425 2254 1659 2374 privilegium
1687 2254 1841 2360 damus,
1884 2270 1975 2368 quot

346 2371 559 2480 ubicunque
589 2369 759 2454 locorum
790 2371 826 2455 13
857 2369 1004 2454 Ducatu
1037 2369 1281 2460 Cracoviensi
1314 2370 1394 2460 sive
1426 2369 1590 2454 dominio
1626 2367 1903 2456 Sudomiriensi
1924 2371 1972 2455 de
2025 2397 2041 2430 ⁴

335 2487 447 2596 'novo
469 2485 524 2572 sal
546 2486 770 2590 invenerint,
811 2485 872 2571 331
893 2486 1080 2570 inventum
1102 2514 1187 2568 cum
1209 2499 1340 2572 nostro
1366 2484 1550 2572 adiutorio
1571 2488 1846 2601 reparaverint,
1888 2486 1973 2572 inde

345 2617 490 2721 3331333
514 2603 666 2688 terciam
698 2603 777 2686 iure
818 2601 1045 2687 hereditario
1081 2601 1118 2688 13
1159 2616 1378 2717 perpetuum
1399 2603 1627 2717 3333131331,
1676 2602 1779 2688 nulla
1800 2603 1973 2690 obstante

346 2716 661 2824 contradictione,
697 2718 756 2809 vel
767 2720 1072 2834 monetariorum
1093 2719 1464 2804 ettbeloneariorum
1485 2719 1618 2828 quavis
1639 2720 1867 2836 irrumpente
1888 2751 1973 2806 exa·
2047 2789 2051 2797 .

300 2831 317 2908 .'
347 2840 480 2924 311333.
533 2834 787 2923 Concedimus
809 2837 927 2922 eciem
950 2837 1078 2953 333133
1100 2838 1287 2924 nominate
1309 2837 1490 2942 ecclesie,
1539 2850 1579 2922 ut
1608 2837 1641 2923 si
1681 2837 1829 2924 33313113
1850 2837 1973 2948 aliqua

347 2956 428 3040 3331
449 2954 672 3071 argentique
693 2953 919 3058 1333333131,
960 2969 1024 3039 331
1043 2953 1197 3044 13333131
1217 2954 1402 3058 iecerint,
1429 2984 1476 3039 ex
1496 2952 1568 3068 hijs
1590 2955 1751 3064 quintam
1772 2969 1915 3070 partem
1938 2955 1974 3039 iu
2008 2943 2012 2973 '

345 3080 562 3188 perpetuam
578 3071 861 3185 possessionem
877 3070 1052 3156 babeant.
1082 3069 1141 3154 De
1156 3068 1311 3185 plumbo
1324 3099 1419 3157 vero
1434 3071 1595 3175 1333313,
1616 3099 1734 3188 33333
1749 3070 1809 3158 331
1826 3087 1972 3176 313333,
2009 3139 2019 3154 3
2046 3108 2049 3116 ’

119 3197 122 3206 ’
236 3243 241 3250 -
345 3189 555 3304 portionem
577 3189 729 3273 terciam
751 3187 953 3277 habebunt.
1014 3186 1066 3272 Ut
1086 3177 1197 3304 igitur
1232 3187 1466 3305 privilegium
1506 3187 1637 3304 gracie
1678 3203 1715 3274 et
1755 3187 2006 3276 devocioois'

344 3322 475 3393 nostre
516 3304 775 3393 inconvulsum
817 3319 1051 3422 permaneat,
1103 3321 1233 3392 contra
1270 3330 1529 3416 quoscumque
1552 3304 1751 3394 violatores
1775 3305 1972 3399 vindictam

346 3423 606 3538 omnipotentis
627 3420 703 3526 dei,
745 3437 783 3508 et
808 3423 924 3508 beate
949 3421 1071 3507 bleric
1091 3422 1246 3537 virginis
1267 3437 1304 3506 et
1324 3423 1488 3506 omnium
1508 3436 1743 3523 sanctorum,
1784 3439 1973 3530 tamquam

315 3569 320 3582 ¹
346 3539 532 3625 adversus
555 3539 766 3657 sacrilegos
787 3540 1025 3640 invocamus,
1048 3553 1084 3620 et
1100 3537 1199 3621 banc
1214 3536 1404 3622 serendam
1423 3536 1574 3622 domino
1595 3535 1791 3655 Episcopo
1808 3553 1845 3624 et
1862 3538 1972 3654 Capi

296 3725 305 3744 .
346 3656 423 3742 1313
441 3655 708 3744 Cracovieusis
724 3654 885 3741 ecclesie
897 3653 1148 3762 relinquimus,
1166 3667 1203 3737 et
1218 3652 1288 3738 sub
1306 3653 1539 3769 protectione
1555 3655 1634 3764 (sic)
1652 3653 1754 3742 sedis
1765 3655 1973 3772 apostobce

346 3790 383 3859 et
402 3774 545 3888 prefate
562 3773 724 3856 ecclesie
745 3772 819 3857 buc
839 3771 1071 3889 privilegium
1094 3771 1363 3857 committimus.
1394 3771 1493 3857 dcta
1516 3787 1601 3858 sunt
1620 3770 1692 3857 bec
1712 3803 1812 3860 3333
1834 3773 1972 3859 domini
2053 3791 2056 3804 '

344 3887 401 3973 Μο
434 3889 515 3976 CC⁰
546 3887 839 4007 quadragesimo
861 3917 982 3992 nono,
1024 3889 1060 3972 in
1102 3886 1163 3972 ilie
1193 3888 1293 3974 beati
1332 3888 1485 3993 Jacobi,
1526 3891 1562 3974 13
1593 3890 1741 3976 31311313
1773 3890 1969 3976 Cracovie.

345 4005 529 4094 Presente
555 4005 707 4094 domino
737 4005 934 4093 Prandota
966 4005 1212 4091 Cracoviensi
1242 4003 1449 4124 Episcopo,
1489 4005 1743 4114 assidentibus
1774 4006 1970 4112 nobilibuS,
2052 4039 2054 4042 ·

322 4181 324 4184 -
345 4149 503 4234 quorum
523 4125 596 4210 1313
616 4139 702 4211 3331
717 4124 887 4210 nomina:
918 4119 1081 4210 blicbacl
1099 4122 1337 4210 Castellanus
1354 4123 1558 4229 Cracovie,
1587 4121 1762 4210 Clemens
1776 4123 1971 4212 Palatinus

345 4239 550 4338 Cracovie,
602 4240 708 4326 Sudo
755 4240 949 4330 Palatinus
990 4239 1189 4345 Sudomir,
1221 4239 1457 4366 ¹Stephanus
1498 4240 1735 4327 Castellanus
1776 4241 1970 4346 Sudomir,·

345 4607 349 4618 .
369 4619 375 4624 .
444 4555 486 4638 (³)
515 4554 651 4622 Bccdniu
666 4556 812 4641 oppidum
827 4555 998 4641 parochiale
1014 4555 1044 4620 iu
1060 4531 1196 4630 Galicia,
1219 4555 1365 4620 territorii
1378 4555 1526 4640 (Circulus
1541 4557 1582 4623 ibi
1599 4558 1732 4640 vocetur)
1748 4566 1847 4643 ceput,
1863 4556 1968 4622 etiem·
2107 4616 2111 4626 .

344 4657 424 4702 nuuc
438 4639 538 4703 salinis
553 4639 713 4706 uberrimis
728 4640 863 4718 celebro,
884 4641 956 4706 olim
972 4639 1167 4706 Crncovieusi
1182 4639 1356 4723 provinciae
1370 4641 1553 4727 adscriptum
1569 4652 1643 4709 crat

445 4722 484 4806 (⁴)
513 4723 588 4800 „Ec
602 4726 770 4808 scrtcpr'nc'’
786 4724 835 4790 bic
849 4726 950 4808 potius
966 4723 1126 4807 legendum
1143 4745 1211 4790 esse
1226 4732 1312 4808 puto.
1419 4769 1424 4780 .
