4778 5952
998 689 1298 764 ..20'1-.,

275 885 282 895 ’
325 889 544 980 celsitudine
574 891 610 976 in
632 888 869 1006 obligeoiooe
900 887 1005 986 solus
1036 888 1150 974 tenuit
1170 887 1362 976 haetenus
1384 897 1421 972 et
1446 884 1633 1004 possedit,
1663 906 1774 1006 prout
1794 890 1831 976 in
1852 891 1956 980 litere

325 1025 453 1097 nostra
474 1007 618 1125 prelato
644 1006 824 1093 Clementi
845 1009 985 1090 Stoura
1005 1033 1120 1119 super
1140 1003 1255 1121 opido
1277 1002 1447 1120 prediolo
1469 1002 1556 1090 data
1577 1004 1715 1092 elarius
1736 1009 1955 1114 continetur,

325 1128 360 1214 in
381 1124 553 1212 duoenlis
574 1123 711 1210 mareis
731 1136 881 1210 rnonete
902 1123 1147 1208 oornnruniter
1172 1120 1424 1224 deourrentis,
1455 1122 1599 1209 numeri
1620 1123 1843 1237 polonioalis
1864 1156 1956 1214 oon-

324 1245 430 1346 eueti,
460 1239 713 1358 quodraginta
736 1255 823 1327 outo
843 1268 1006 1356 grossos
1028 1241 1065 1326 in
1084 1267 1251 1326 meruero
1272 1237 1474 1350 quemlibet
1494 1237 1669 1328 videlieet
1688 1243 1955 1354 computando,

325 1359 438 1449 nobili
468 1356 629 1446 Niceten
658 1365 953 1460 tasuzamteez,
987 1355 1237 1472 Subdapilero
1264 1355 1518 1461 Laneioiensi,
1545 1371 1679 1444 nostro
1699 1356 1799 1444 fideli
1821 1374 1859 1444 et
1878 1362 1956 1446 suis

325 1475 527 1564 heredibus
557 1503 605 1562 eo
635 1476 821 1595 legittimis
853 1475 1140 1564 suecessoribus
1172 1473 1247 1586 obli
1278 1475 1373 1577 auit,
1410 1503 1478 1590 per
1507 1474 1628 1591 ipsum
1659 1472 1858 1562 Nioolaunr
1889 1483 1951 1562 Ja-

325 1603 572 1696 serzamteez,
604 1623 697 1682 suos
725 1591 888 1681 heredes
918 1607 955 1679 et
974 1621 1223 1680 suooessores
1249 1504 1458 1711 iegittimos
1483 1589 1703 1698 tenendum,
1734 1591 1956 1696 habendum,

326 1709 574 1799 utiiruendurn
596 1724 633 1796 et
648 1706 924 1827 possidendum
945 1710 1083 1796 tamdiu
1105 1707 1289 1814 videlieet,
1311 1733 1508 1820 quousque
1528 1708 1599 1796 sihi
1617 1709 1679 1798 vel
1699 1711 1778 1798 suis
1799 1740 1955 1798 sueoes-
2111 1767 2117 1782 ·

326 1829 476 1918 soribus
504 1843 541 1914 et
561 1826 784 1934 heredibus,
816 1827 1031 1944 supradicte
1062 1824 1222 1914 ducente
1253 1857 1382 1916 rneree
1411 1857 1482 1944 per
1510 1856 1582 1913 nos
1606 1843 1678 1924 ⁴ant
1706 1856 1956 1917 successores

325 1961 479 2035 nostros
509 1945 643 2032 luerint
672 1945 794 2036 solute
825 1945 1055 2064 integraliter
1086 1958 1124 2031 et
1153 1943 1395 2062 adplenum.
1446 1943 1612 2052 Herum,
1640 1944 1774 2056 quibus
1794 1944 1956 2064 sigillum

326 2076 493 2149 nostrum
527 2092 737 2179 appensum
769 2079 847 2168 est,
879 2065 1089 2151 testimonio
1120 2061 1319 2148 literarum.
1374 2062 1513 2149 Datum
1547 2066 1745 2159 sternuto,
1780 2063 1863 2178 ipso
1895 2061 1956 2147 die

326 2195 456 2266 senote
484 2179 679 2268 Dorothee
706 2181 884 2300 virginis,
914 2209 1014 2266 enno
1036 2179 1174 2268 domini
1196 2180 1388 2266 rnillesirno
1415 2179 1679 2268 trecentesimo
1707 2180 1958 2296 nonagesimo

327 2297 498 2413 septimo.

985 2731 988 2740 ,
1046 2607 1242 2776 CXLlX.

473 2877 810 2975 cracoviae,
837 2897 993 2964 unreo
1020 2864 1174 3006 1398Ι
1198 2879 1250 2961 et.
1277 2877 1350 2960 14
1375 2900 1447 2961 m.
1474 2855 1814 2964 Novembres.
1882 2995 1893 3004 .

275 3053 281 3060 ⁸
352 3074 585 3148 oresteus
600 3077 715 3148 tetros
729 3075 768 3148 te
784 3037 927 3143 conectet
939 3075 1099 3148 lustuns
1116 3077 1317 3166 valeriensis,
1331 3079 1471 3169 promitit
1485 3031 1522 3151 se
1537 3096 1657 3171 semper
1669 3079 1746 3170 negt
1759 3077 1930 3154 molletae

500 3175 626 3249 tttetero
640 3175 715 3265 tore,
730 3193 830 3267 neone
845 3193 915 3250 enm
928 3177 996 3249 tun
1009 3175 1041 3248 in
1056 3177 1201 3250 seoonttn
1217 3177 1354 3268 quanto
1369 3179 1511 3253 moenis
1525 3177 1720 3252 deserturum
1734 3179 1783 3264 (¹).

426 3398 624 3487 Uniuersis
661 3414 699 3486 et
729 3399 886 3600 singulis
922 3397 1056 3510 qurltus'
1087 3399 1237 3517 expedit
1279 3401 1516 3517 presencium
1556 3401 1731 3486 notioiern
1766 3402 1956 3488 habituris.

325 3517 413 3633 Ego
442 3517 621 3602 Cresleus
649 3515 761 3603 heres
817 3547 838 3598 e
876 3520 1032 3601 Cosuzol
1061 3516 1256 3602 Palatinus
1294 3516 1544 3631 Cnyeuiensis
1576 3519 1686 3634 cupio
1712 3518 1794 3602 lore
1819 3533 1955 3604 notum:

327 3632 444 3748 Quod
466 3663 549 3718 oum
577 3631 729 3751 Regum
751 3632 912 3751 gloriam
934 3648 970 3719 et
990 3632 1214 3752 Regnorum
1234 3633 1418 3736 comode,
1448 3661 1524 3718 non
1544 3632 1643 3719 aliud
1666 3635 1789 3752 magis
1809 3633 1957 3721 edificet
2068 3743 2072 3752 ι
2164 3749 2167 3756 Δ

326 3768 364 3839 et
383 3750 537 3853 attollet,
559 3777 670 3866 quarn
692 3749 924 3836 subditorum
946 3780 1099 3838 suorum
1120 3749 1283 3836 fidelium
1299 3749 1460 3837 lidelites
1475 3779 1739 3868 perseuerans,
1760 3753 1956 3869 omnisque

314 3897 418 3985 ,pers
439 3870 554 3986 turpis
575 3867 756 3971 viduetur,
778 3898 853 3986 que
873 3898 943 3954 suo
965 3898 1040 3954 non
1062 3883 1249 3986 congruet
1269 3869 1466 3972 uniuerso,
1497 3868 1656 3984 proinde
1677 3898 1754 3987 ego
1777 3868 1976 3955 Cresleus·

284 3987 295 4010 ‘
325 3984 516 4100 predictus
539 4015 612 4072 non
634 3985 874 4102 compulsus,
905 4014 981 4071 non
1012 4000 1189 4091 ooeotuS,
1220 4013 1292 4071 neo
1312 3984 1439 4102 aliquo
1461 4015 1590 4072 enare
1611 3986 1808 4090 seductus,
1839 4014 1955 4074 senus

325 4115 448 4186 mente
478 4116 515 4187 et
541 4129 724 4217 corpore,
755 4117 999 4220 meorumque
1030 4101 1202 4188 ultroneo
1233 4105 1348 4189 fretus
1380 4103 1537 4188 oonsilio
1567 4103 1791 4206 emioorunr,
1823 4103 1955 4189 volens

353 4230 438 4304 rout
457 4219 572 4302 ceteri
593 4217 724 4304 lrdeles
746 4219 891 4304 nobiles
921 4219 1048 4334 Regni
1081 4218 1258 4321 Polonie,
1290 4219 1553 4335 oorregnioole
1581 4221 1670 4321 mei,
1702 4219 1954 4308 Serenissirno

324 4249 488 4450 Rrinoipi
510 4331 660 4419 domino
683 4333 895 4420 Wladislao
915 4334 1017 4452 Regi
1035 4335 1217 4439 Polonie,
1248 4334 1402 4420 donnino
1424 4349 1553 4420 nostro
1574 4337 1766 4454 gratioso,
1797 4333 1955 4422 lideliter

326 4455 525 4557 assistere,
561 4481 633 4538 neo
668 4450 805 4568 eliquid
841 4451 1039 4537 dubietatis
1075 4449 1125 4537 de
1163 4449 1405 4538 obseruanda
1439 4449 1635 4558 fidelitate,
1672 4452 1793 4540 eidem
1829 4455 1864 4538 in
1895 4484 1954 4556 me

426 4699 467 4782 (Ι)
496 4699 523 4764 E
544 4699 646 4765 tabule
669 4697 841 4766 authentico
863 4697 1094 4765 membranaceo
1117 4699 1148 4764 in
1170 4699 1360 4765 Verseviensi
1380 4700 1529 4766 tobnlerio
1544 4701 1665 4787 publico
1686 4701 1784 4787 Regni
1805 4700 1952 4770 Pelopiae

325 4783 382 4849 Ν*ο
397 4783 468 4861 265,
482 4793 640 4910 esserute.
670 4783 762 4868 sigilli
778 4785 898 4868 abrupti
912 4783 1035 4850 normisi
1050 4782 1181 4850 taeniolu
1197 4803 1378 4871 pergameno
1392 4793 1495 4851 restat.
1648 4859 1650 4864 ¹
1747 4885 1794 4940 w
