4780 5922
1027 743 1300 850 -urs-

351 995 595 1087 euanescant,
615 979 871 1069 necessarium
892 993 960 1084 cst,
981 992 1021 1066 ut
1040 977 1227 1066 literarum
1248 976 1427 1094 presidio,
1447 993 1483 1068 et
1503 977 1649 1066 testium
1671 978 1869 1070 aminiculo
1891 1009 1980 1068 con·

350 1099 541 1190 firmentur
560 1097 610 1188 ad
630 1099 848 1188 memoriam
869 1095 1144 1213 sempiternam.
1189 1095 1307 1216 lgitur
1326 1093 1411 1186 llos
1432 1097 1645 1184 Semouitus
1666 1093 1727 1183 dei
1748 1099 1882 1216 gracia
1903 1097 1980 1186 dux
2100 1117 2105 1128 ’

351 1215 527 1308 Mazouic
557 1229 596 1308 el
624 1215 799 1306 dominus
828 1215 1061 1316 Cziroensis,
1092 1214 1243 1320 barum,
1274 1214 1410 1332 quibus
1441 1211 1611 1332 expedit,
1641 1213 1829 1304 literarum
1852 1229 2014 1306 tenore.

351 1352 477 1425 notum
493 1336 651 1424 lecimus
665 1333 849 1422 uniuersis
870 1333 1018 1449 publice
1039 1331 1268 1449 profitentes.
1305 1331 1422 1446 Quod
1443 1347 1557 1451 super
1577 1330 1750 1420 omnibus
1771 1347 1809 1421 et
1824 1334 1983 1452 singulis
2069 1437 2076 1454 ι

351 1454 641 1570 conuouersijs,
672 1450 993 1554 dissensionibus
1022 1450 1111 1538 rixis
1133 1466 1170 1538 et
1189 1452 1327 1568 iniurijs
1349 1451 1443 1538 inter
1463 1481 1535 1538 nos
1554 1479 1601 1538 ex
1621 1479 1707 1556 una,
1728 1465 1766 1538 et
1782 1452 1985 1539 ¹serenissi-

351 1601 449 1658 mam
486 1572 691 1688 principem
722 1568 909 1656 dominam
938 1567 1131 1656 Elizabetb
1163 1567 1355 1657 ducissam
1388 1566 1775 1690 Wyscgradiensem,
1809 1581 1984 1687 patruam

351 1701 531 1793 nostram,
552 1703 659 1805 parte
676 1717 724 1773 ex
740 1687 869 1791 altera,
890 1686 1015 1803 aliquo
1036 1701 1204 1802 tempore
1226 1686 1361 1773 habitis
1381 1701 1417 1774 et
1438 1687 1634 1793 ventilatis,
1655 1717 1724 1804 per
1745 1683 1983 1822 magnificum

353 1807 579 1924 principem,
611 1804 799 1892 dominum
829 1819 997 1893 nostrum
1028 1802 1216 1890 dominum
1233 1803 1475 1891 ‘Kazimirum
1505 1805 1657 1924 Regem
1687 1802 1868 1910 Poleam,
1900 1833 1984 1890 cum

355 1922 488 2010 eadem
510 1921 661 2009 domina
682 1921 836 2010 ducissa
852 1949 982 2010 sumus
996 1921 1238 2009 amicabiliter
1253 1919 1474 2010 concordati
1494 1924 1531 2020 in
1546 1919 1646 2010 bunc
1661 1922 1823 2009 modum.
1856 1920 1986 2009 Primo

351 2053 389 2128 et
407 2041 679 2157 principaliter:
722 2037 839 2153 Quod
860 2036 910 2125 ad
932 2038 1156 2145 districtum,
1188 2041 1299 2126 situm
1320 2041 1414 2126 inter
1434 2039 1587 2126 lluuium
1607 2037 1745 2127 dictum
1773 2047 1928 2126 Brauro
1948 2053 1987 2125 et
2045 2088 2054 2109 ·

350 2159 445 2245 inter
473 2185 652 2274 magnam
682 2170 838 2246 stratam
869 2154 1006 2246 dictam
1040 2161 1257 2270 Czyruslcc,
1290 2155 1403 2244 etad
1431 2158 1599 2246 vasallos
1629 2169 1666 2246 et
1697 2155 1919 2246 kmethoncs
1947 2158 1983 2244 in

351 2273 486 2363 codem
508 2274 675 2363 districtu
696 2273 925 2378 residentes,
955 2302 1003 2361 ac
1023 2272 1073 2359 ad
1093 2274 1215 2361 villam
1237 2274 1376 2361 dictam
1401 2279 1593 2387 Czprmno,
1615 2274 1721 2361 etad
1742 2277 1859 2390 ipsius
1879 2274 1984 2362 lune·

351 2392 497 2499 thanes,
520 2406 591 2478 tem
620 2420 688 2479 ore
703 2393 776 2479 vite
792 2389 960 2478 eiusdem
980 2389 1132 2478 domine
1148 2390 1301 2480 ducisse
1317 2390 1668 2512 Wysegradiensis,
1689 2392 1826 2478 nullum
1835 2394 1901 2509 jus
1917 2423 1984 2482 seu

349 2539 414 2597 res
443 2523 564 2596 ectum
586 2421 635 2595 de
656 2523 783 2596 cetero
804 2508 945 2595 bebere
966 2507 1183 2597 debeamus.
1223 2509 1290 2614 lta,
1312 2509 1414 2626 quod
1434 2507 1554 2597 nullas
1572 2511 1812 2616 exacciones,
1832 2509 1985 2615 bernas,

351 2541 548 2730 collectas,
562 2624 848 2743 jurisdiciones,
877 2653 997 2742 penas
1018 2624 1230 2731 iudiciales,
1262 2626 1475 2730 custodias,
1505 2627 1704 2761 angarias,
1728 2629 1985 2746 parangarias

352 2743 557 2864 generales
587 2755 652 2830 aut
682 2741 890 2862 speciales,
927 2755 1166 2862 qrrocr‘rmque
1187 2757 1412 2831 censeantur
1432 2773 1600 2848 nomme,
1634 2743 1810 2863 nullaque
1835 2747 1983 2861 penitus
2117 2810 2120 2821 .

339 2861 536 2968 seruicia,
575 2890 649 2982 quc
680 2862 731 2948 wl
762 2861 875 2948 ariter
905 2859 1078 2948 dicuntur
1107 2867 1281 2976 Posauy,
1304 2860 1355 2948 ab
1375 2861 1507 2950 iocolis
1537 2876 1575 2950 et
1594 2858 1920 2967 inhabitatoribus,
1950 2877 1987 2951 et
2044 2885 2054 2909 ²
2104 2873 2115 2898 ⁴

351 2979 570 3096 specialiter
600 2889 798 3070 avasallis
827 2977 960 3096 prelati
991 2977 1180 3066 districtus
1201 2994 1238 3067 ct
1257 2979 1342 3068 ville
1375 2983 1555 3092 Czymnno
1576 2993 1801 3086 memorate,
1835 2980 1985 3068 inantea

355 3111 623 3214 extorquemus
654 3095 757 3208 (sic),
795 3125 864 3183 seu
894 3095 1104 3215 aliqualiter
1130 3111 1374 3212 repetemus.v
1404 3095 1484 3184 Sed
1514 3094 1674 3183 eundem
1694 3093 1918 3204 districtum,
1949 3112 1986 3186 et

351 3213 476 3301 villam
500 3217 655 3328 Czymco
678 3213 772 3328 (sic),
794 3241 880 3300 cum
901 3215 1000 3301 omni
1013 3213 1102 3330 jure
1123 3229 1159 3300 et
1180 3213 1362 3320 dominio,
1392 3243 1440 3300 ac
1461 3244 1545 3320 cum
1568 3212 1739 3302 omnibus
1759 3214 1984 3324 utilitatibus,

311 3413 313 3416 .
352 3331 662 3438 obueooionibus,
684 3331 862 3419 censibus
882 3360 929 3417 ac
949 3331 1133 3418 uniuersis
1152 3331 1394 3448 pertinenciis
1414 3333 1512 3434 suis,
1544 3323 1652 3417 nicbil
1674 3331 1762 3418 iuris
1782 3347 1847 3420 aut
1866 3334 1984 3421 domi-

351 3448 398 3582 nij
421 3445 507 3536 inibi
526 3479 596 3566 pro
618 3449 728 3536 nobis
747 3447 1002 3554 reseruando,
1034 3447 1085 3533 ad
1103 3450 1285 3564 prefatam
1307 3448 1495 3536 dominam
1523 3447 1713 3532 ducissam
1745 3448 1983 3568 Wyssegra·

351 3563 536 3668 diensem,
568 3565 688 3652 solum
709 3563 759 3651 ad
782 3581 952 3681 tempora
972 3567 1046 3653 vite
1067 3566 1203 3683 ipsius,
1234 3596 1282 3651 ex
1302 3565 1492 3652 dillinitiua
1539 3563 1823 3681 romulgacione
1844 3564 1983 3686 domioj

351 3680 469 3769 nostri
491 3680 629 3799 dominj
650 3681 775 3817 Regis
796 3683 992 3769 memorati
1008 3683 1180 3769 volumus
1197 3685 1394 3798 pertinere.
1426 3595 1614 3770 Prelbtam
1632 3705 1781 3793 quoque
1797 3681 1983 3776 dominam

350 3797 564 3916 ducissam,
595 3827 841 3888 venacionem
873 3801 1036 3887 omnium
1067 3799 1277 3887 animalium
1309 3815 1346 3889 et
1368 3802 1536 3887 'ferarum
1568 3798 1652 3888 solo
1683 3801 1850 3909 animali,
1881 3801 1984 3921 quod

351 3921 473 4003 Yluer
492 3916 686 4036 wlgariter
705 3915 840 4007 dicitur
860 3918 1042 4006 duntaxat
1062 3931 1239 4034 excepto,
1267 3920 1302 4007 io
1325 3932 1401 4007 tota
1423 3933 1521 4005 terra
1542 3932 1670 4006 nostra
1691 3917 1808 4004 libere
1828 3919 1985 4007 admitti·
2048 3947 2062 3972 ⁴

351 4063 435 4128 mus
456 4032 597 4122 babere
627 4049 664 4120 et
685 4066 876 4126 exercere.
928 4034 1055 4149 Quam
1076 4035 1224 4148 quidem
1245 4036 1487 4125 concordiam
1520 4052 1557 4123 et
1577 4036 1886 4152 conposicionem
1914 4069 1985 4155 per

351 4149 491 4237 dictum
512 4150 701 4239 dominum
725 4169 892 4241 nostrum
914 4150 1101 4240 dominum
1130 4151 1280 4274 Regem
1302 4156 1357 4242 sic
1378 4155 1511 4241 iactam
1534 4165 1571 4238 et
1591 4153 1821 4259 ordinatam,
1851 4154 1981 4243 lauda-

352 4299 446 4373 muS,
467 4269 734 4378 consentimus
756 4269 861 4357 etde
883 4269 1016 4357 eadem
1037 4282 1180 4357 slemus
1197 4273 1378 4377 contenti3
1406 4273 1611 4388 ipsamque,
1632 4271 1731 4358 bona
1747 4283 1880 4361 nostra
1894 4271 1982 4378 lide,
2097 4309 2100 4316 ·

350 4385 495 4498 absque
516 4383 592 4473 doli
614 4398 651 4471 ct
671 4384 812 4473 fraudis
833 4387 1247 4504 specie,·pr0mittimus
1268 4388 1525 4475 inviolabiliter
1545 4386 1764 4474 obseruare.
1812 4389 1855 4476 ln
1877 4391 1982 4478 cuius

350 4503 404 4590 rei
425 4504 673 4592 testimonium
693 4518 736 4600 ct,
746 4502 950 4591 efficaciam
972 4504 1190 4610 cerciorem,
1211 4520 1423 4620 presentem
1444 4504 1588 4590 literam
1605 4505 1724 4593 nostri
1739 4506 1850 4624 sigilli
1865 4507 1982 4593 muni·

352 4621 449 4707 mine
470 4620 642 4710 duximus
662 4620 928 4709 roborandam.
978 4619 1111 4708 Actum
1134 4634 1171 4706 et
1192 4621 1317 4707 datum
1339 4623 1375 4708 in
1395 4627 1541 4725 Bresth,
1563 4623 1655 4709 seria
1676 4623 1789 4709 tercia
1809 4625 1982 4739 proxima

351 4750 440 4855 post
456 4736 553 4829 diem
573 4738 683 4830 beate
704 4739 916 4828 Scolastice
930 4741 987 4826 vir
1019 4740 1098 4844 inis',
1119 4769 1219 4826 anno
1236 4739 1375 4859 dominj
1392 4741 1585 4827 millesimo
1602 4741 1863 4839 trecentesimo
1879 4743 1982 4854 quin·

352 4855 576 4974 quagesimo
592 4886 706 4945 nono.
732 4767 1063 4974 Presentibusbijs
1080 4856 1248 4946 testibus:
1270 4857 1472 4947 venerabili
1489 4859 1524 4944 in
1542 4857 1690 4945 Christo
1706 4870 1813 4976 patre
1829 4857 1982 4978 domino
2120 4933 2125 4944 .
