4778 5952
1107 715 1276 788 -238
1334 756 1378 768 -

426 948 688 1022 successores,
728 916 836 1006 nobis
869 928 907 1001 et
926 918 1065 1004 nostris
1085 914 1300 1032 legittimis,
1322 917 1358 1000 in
1380 944 1479 1032 equo
1501 914 1647 1002 valente
1669 911 1825 1000 duarum
1848 945 2059 1004 marcarum
2207 1027 2209 1032 .

427 1027 572 1124 seruire
591 1034 821 1122 tenebuntur.
862 1031 946 1119 Nos
967 1062 1060 1120 vero
1081 1031 1251 1149 predicto
1273 1059 1372 1236 agno
1393 1033 1430 1118 iu
1449 1032 1588 1119 nostris
1609 1033 1780 1150 uegooijs
1802 1062 1871 1151 pro
1894 1032 2058 1151 dampno

427 1170 581 1241 stamus.
624 1152 860 1252 Kmethones,
876 1180 970 1239 vero
991 1150 1027 1236 iu
1048 1149 1181 1239 eadem
1204 1150 1293 1236 bere
1323 1150 1409 1236 itate
1431 1155 1604 1250 Ttulcour',
1627 1150 1735 1236 nobis
1758 1164 1794 1262 et
1814 1153 1953 1258 uostris
1973 1181 2058 1240 sue-

428 1267 643 1360 cessoribus
674 1299 745 1386 pro
775 1297 913 1374 censu,
953 1267 1111 1387 siugulis
1141 1269 1249 1354 annis
1289 1269 1325 1354 in
1350 1267 1449 1355 testo
1477 1263 1596 1355 ¹sauoli
1632 1264 1785 1354 llla'rtini
1814 1270 2056 1375 oonlessoris,

297 1385 302 1392 ’
427 1403 587 1506 quatuor
605 1417 806 1476 mensuras
824 1415 964 1489 auerte,
992 1401 1033 1474 et
1052 1385 1148 1475 duas
1168 1415 1365 1476 mensuras
1386 1386 1560 1504 siliginis,
1591 1385 1995 1492 solueraleuebuutur,
2019 1400 2058 1476 et

426 1534 496 1622 pro
522 1504 669 1592 decium
691 1518 852 1624 quatuor
872 1533 1035 1622 grossos
1066 1503 1160 1590 dare
1176 1517 1406 1607 teneantur,
1437 1505 1778 1622 inassumpoionu-
1794 1503 1906 1592 beate
1936 1503 2059 1592 Marie

424 1623 580 1742 uirginis
607 1653 675 1740 per
697 1623 794 1710 duos
815 1623 958 1740 pullos,
989 1623 1026 1709 in
1045 1623 1142 1709 lesto
1163 1650 1281 1738 pasce
1328 1651 1370 1708 er
1389 1621 1551 1709 medium
1573 1603 1706 1738 capeto
1727 1652 1885 1710 ouorum
1906 1621 2058 1739 soluere

426 1738 659 1828 tenebuntur.
716 1739 807 1829 ltem
839 1739 887 1838 de
919 1738 1036 1826 tribus
1067 1741 1217 1859 magnis
1247 1653 1413 1855 iudcijs,
1450 1738 1671 1827 lrmethoues
1705 1741 1815 1838 uobis
1847 1753 1889 1827 ‘et
1916 1741 2057 1841 uostris

427 1857 613 1977 legittimis
633 1858 692 1946 bis
714 1861 750 1945 iu
771 1888 882 1962 auno,
902 1857 1026 1944 solent
1046 1857 1218 1974 (siolper
1237 1859 1436 1960 fertonem,
1462 1857 1610 1948 scolteti
1630 1856 1723 1946 vero
1745 1888 1857 1946 unum
1876 1858 2056 1958 fertonem

326 2001 328 2016 ·
426 1975 559 2094 sigulis
590 1978 699 2066 annis
730 1975 880 2072 soluere
911 1975 1143 2063 tenebuntur.
1193 1973 1285 2062 ltem
1306 1989 1362 2064 ter
1381 1976 1418 2062 in
1440 2005 1561 2081 auno,
1592 1973 1675 2072 boo¹
1697 1991 1773 2064 est:
1805 1975 1855 2062 ad
1877 1976 2057 2084 estiualia,

424 2087 629 2210 hyemalia,
661 2095 932 2213 autumpnalia,
964 2107 1000 2180 et
1022 2089 1209 2180 oum'buri
1234 2092 1271 2180 id
1294 2103 1524 2194 estredlem,
1557 2094 1777 2181 kmethoues
1807 2093 1916 2182 nobis
1947 2120 2057 2180 arare

320 2255 339 2312 =,·
426 2211 659 2299 tenebuntur.
684 2211 792 2300 'ltem
814 2211 1036 2310 lrmetbones
1057 2211 1307 2300 nobislenum
1328 2213 1469 2300 laloare
1490 2212 1721 2300 tenebuntur.
1758 2210 1932 2312 Ortulani
1950 2239 2056 2317 vero,

427 2327 489 2446 qui
517 2359 561 2418 se
587 2330 722 2426 ibidem
744 2330 780 2418 iu
803 2335 962 2418 Tlulroui
977 2330 1203 2436 locauerint,
1236 2331 1393 2450 singulis
1414 2332 1532 2434 annia,
1554 2324 1663 2417 nobis
1685 2343 1723 2416 et
1742 2331 1881 2428 nostris
1903 2356 2055 2418 sueces-
2138 2404 2141 2419 .
2202 2387 2208 2396 -
2289 2329 2292 2342 ’

425 2447 574 2536 soribus
595 2450 631 2536 in
652 2449 750 2538 festo
772 2451 891 2536 saneti
910 2447 1061 2536 Martini
1081 2445 1323 2554 eoulessoriS,
1344 2475 1413 2567 per
1434 2461 1594 2566 quatuor
1608 2448 1942 2568 grossos‘soluere
1955 2461 2057 2535 tene-

364 2663 366 2668 y
425 2565 572 2652 buntur.
626 2566 667 2652 ln
691 2567 796 2653 ouius
816 2568 870 2652 rei
892 2567 1160 2669 testimouium,
1191 2580 1321 2654 nostra
1350 2563 1473 2682 sigilla
1499 2566 1737 2682 presentibus
1765 2581 1850 2652 suut
1874 2593 2056 2767 augense.

424 2681 563 2769 Actum
596 2697 633 2768 et
657 2681 783 2770 datum
814 2685 850 2769 iu
880 2691 1101 2796 lloqoszr‘ro,
1133 2685 1169 2770 in
1190 2686 1285 2770 testo
1307 2684 1406 2770 beati
1426 2683 1562 2770 Jauobi
1583 2685 1765 2800 apostoli,
1797 2711 1896 2771 anno
1944 2684 2058 2769 omini

425 2798 621 2886 millesimo
649 2800 911 2890 trecentesimo
938 2801 1224 2920 septuagesimo
1244 2800 1290 2887 ll.
1341 2802 1588 2890 Preseutibus
1609 2801 1678 2918 hijs
1691 2800 1870 2888 testibus:
1903 2799 2057 2887 dominu

425 2913 598 3004 lubanne
620 2917 879 3036 Subpinoerne
900 2918 982 3032 (sio)
1003 2919 1266 3026 Poznauiensi,
1287 2917 1439 3007 domiuo
1463 2917 1668 3007 Vinoenoio
1684 2920 1797 3016 lratr'e
1813 2947 1895 3024 suo,
1915 2915 2059 3006 herede

427 3031 476 3117 de
515 3039 739 3138 Czorloroo,
776 3036 978 3125 Bernardo
1015 3035 1278 3126 Subuenatore
1313 3038 1566 3125 Pozuauieusi
1601 3038 1743 3124 herede
1776 3036 1827 3124 de
1861 3041 2055 3136 Stomowo,

425 3147 639 3251 Maozlroue
659 3153 799 3241 herede
821 3152 868 3242 de
887 3161 1067 3256 moseza,
1100 3156 1291 3270 Slupeone
1311 3155 1484 3243 Plebauo
1506 3154 1555 3242 de
1575 3162 1786 3270 Roqoszoo,
1810 3153 2056 3244 Wlodzimiro

425 3267 568 3386 herede
589 3269 638 3356 de
658 3263 896 3374 stotzam,
919 3288 955 3360 et
975 3274 1057 3390 alijs
1076 3271 1154 3359 lide
1174 3273 1310 3392 dignis.
1457 3305 1463 3314 ’
1806 3291 1809 3296 “

1124 3553 1360 3672 uxxuu.
1420 3707 1424 3712 .
1562 3460 1565 3466 ⁵

550 3771 944 3872 lorostoeioe,
971 3793 1126 3859 ammo
1152 3771 1294 3906 1323
1322 3775 1373 3859 d.
1400 3772 1467 3860 15
1494 3795 1566 3896 m.
1593 3753 1954 3891 Decembres„

424 4007 429 4018 .
453 3937 739 4014 Vlodlslaus
753 3937 1015 4030 buonobemu
1030 3941 1154 4019 auom
1169 3943 1328 4018 ouum
1342 3945 1450 4018 rttlun
1463 3944 1828 4023 anuzeczummoto
1842 3945 2039 4034 doluuleml-

848 4042 1651 4140 uitaudmutmorttsoorditiouibmuttjootisdt„
1707 4099 1710 4109 .
1768 4119 1770 4126 ,
1837 4120 1877 4134 ,,

528 4221 662 4318 llotum
682 4235 720 4318 ln
739 4228 897 4350 ludioijs
926 4199 1140 4322 ⁴Ordiuariis
1168 4233 1416 4324 Generalibus
1439 4233 1650 4324 Tribunalis
1671 4233 1798 4355 Regni
1819 4201 2056 4324 bublineusis

427 4349 621 4442 Sabbatha
641 4352 737 4452 intra
765 4351 938 4441 Ootavas
965 4353 1069 4442 Festi
1096 4352 1280 4470 Corporis
1301 4354 1438 4444 Christi
1458 4353 1610 4464 Domini
1629 4384 1730 4445 auno
1753 4355 1920 4478 eiusdem
1940 4352 2055 4440 mille·

423 4472 520 4560 simo
541 4469 817 4558 sexoentesimo
838 4467 1024 4588 vigesimo
1045 4484 1215 4588 septimo.

527 4668 576 4767 (ι),
596 4667 993 4769 E¹⁸l³⁰ssfflttl10llb10rttm
1009 4673 1295 4772 manuscriptorum
1318 4673 1445 4770 ,dapby
1459 4673 1636 4756 Trybunalu
1651 4629 1979 4772 Lubelullego'lurulgo
1995 4632 2062 4740 dio·

426 4751 968 4925 mugile-{gggssffitrnzrtblfflamo
982 4753 1104 4838 publroo
1125 4755 1223 4842 Regni
1244 4759 1389 4824 Poloruue
1407 4767 1632 4914 esseruatorum
1648 4759 1817 4844 etquidem
1834 4777 1851 4823 a
1866 4756 2061 4878 'wll
