4780 5922
1038 786 1084 804 -··
1142 749 1213 825 141
1266 787 1313 806 -··

362 947 509 1040 sufficio
530 951 611 1036 siue
632 950 807 1064 poncium
828 947 1097 1082 quorumlibet,
1124 979 1149 1036 a
1169 952 1401 1067 recepcione.
1423 949 1696 1038 Subuenatcris
1717 981 1786 1037 seu
1807 950 1988 1058 custodis,
2047 1017 2050 1026 .

361 1067 421 1154 uel
452 1065 642 1156 conductu
671 1077 982 1172 castonamorum,
1023 1095 1046 1152 a
1078 1067 1349 1185 uicinia.'quod
1379 1076 1488 1181 opole
1517 1068 1712 1186 wlgariter
1742 1081 1989 1185 nuncupator,-

360 1183 585 1274 acustodia
616 1181 677 1270 vel
707 1184 900 1272 solucione
929 1184 1165 1290 erodicrum,
1202 1186 1303 1303 quod
1333 1194 1439 1272 ccccl
1462 1199 1721 1302 nuncupatur,
1748 1200 1785 1271 et
1810 1186 1860 1271 ab
1889 1186 1990 1274 omni

361 1301 561 1396 exactione
578 1330 648 1394 sen
668 1301 899 1390 colleccione
919 1302 1021 1419 quod
1037 1309 1224 1415 pocclaue
1244 1302 1386 1411 dicitur,
1407 1304 1609 1390 auecturis
1631 1316 1669 1388 et
1683 1300 1989 1420 expedicinnibus

359 1417 422 1508 vel
436 1417 617 1508 omnibus
636 1419 777 1508 iuribus
801 1419 837 1506 in
858 1418 1017 1507 Polonia
1039 1421 1268 1526 constitutis,
1300 1422 1595 1540 quibuscumque
1626 1435 1850 1508 censeantur
1870 1421 1989 1507 nomi'·

361 1537 492 1642 nibus;
522 1535 597 1624 hoc
616 1536 702 1626 solo
723 1567 817 1624 exce
846 1550 895 1640 to,
917 1567 1001 1624 cum
1022 1538 1154 1655 aliquis
1174 1552 1310 1626 contra
1329 1539 1519 1627 dominum
1539 1539 1753 1652 (dominium
1764 1538 1802 1650 l)
1819 1552 1991 1626 nostrum

360 1653 533 1746 imnum
554 1654 694 1760 lecerit,
718 1684 795 1775 quo
843 1654 967 1771 colonj
989 1654 1180 1772 sepedicta
1199 1657 1287 1744 ville
1305 1682 1379 1746 una
1400 1656 1595 1744 nobiscum
1617 1656 1840 1744 tenebuntur
1859 1654 1992 1742 dalem.

360 1800 459 1860 sare.
476 1877 482 1889 Ι
500 1769 732 1862 ludicicrum
753 1771 1010 1861 nichilominus
1030 1775 1214 1878 omnium,
1245 1789 1284 1862 ut
1305 1789 1363 1862 est
1383 1774 1432 1862 de
1452 1775 1710 1878 contentione,
1730 1773 1988 1889 percussione,

282 1979 285 1984 Α
361 1889 613 1978 membrorum
640 1889 896 1997 mutilacione,
926 1891 1009 1980 siue
1029 1893 1150 1978 eciam
1171 1893 1308 2010 cepitis
1322 1893 1597 2010 perplectione,
1628 1905 1669 1978 ut
1688 1892 1867 1978 maiorem
1884 1890 1992 1978 circa
2059 1933 2063 1940 ·

361 2004 550 2094 dominum
579 2008 616 2094 in
637 2006 833 2096 tremendo
863 2007 998 2097 iudicio
1028 2005 1203 2097 fiduciam
1232 2010 1459 2116 habeamus,
1490 2008 1668 2126 predictis
1694 2008 1890 2116 nauibus,
1921 2037 1993 2123 pen

264 2145 267 2153 ‘
361 2151 469 2214 suum
490 2123 649 2210 iudicem
670 2125 914 2240 assequenda
934 2126 1017 2236 (sic)
1038 2127 1193 2214 liberam
1213 2129 1473 2218 annositatem
1490 2125 1745 2212 concedimus.
1777 2124 1877 2212 Nulli
1893 2153 1992 2244 ergo

273 2275 275 2282 ‘
361 2237 660 2328 Castellanorum
696 2253 762 2326 aut
793 2241 971 2328 ludicum
1004 2243 1087 2326 siue
1109 2241 1260 2354 citandj
1293 2241 1373 2326 siue
1401 2239 1589 2355 iudicandj
1627 2241 1774 2356 inipso
1809 2242 1894 2333 villa
1933 2245 1991 2330 ius

361 2355 513 2475 aliquod
543 2369 796 2446 reseruantes.
846 2355 890 2444 ln
917 2354 1027 2444 liuius
1057 2357 1110 2472 rej
1142 2356 1390 2444 testimonium
1420 2370 1632 2473 presentem
1663 2359 1842 2476 paginam
1873 2360 1993 2476 nostq'

317 2575 322 2590 ¹
362 2472 472 2592 sigitt·
506 2473 704 2561 munimine
733 2473 979 2576 roboramus,
1008 2474 1250 2588 presentibus
1281 2473 1371 2588 hijs:
1414 2473 1561 2560 Comite
1591 2469 1738 2590 Boseta
1772 2473 1993 2564 Castcllano

358 2505 562 2694 Lemlensi,
594 2590 739 2682 Gemite
758 2590 934 2678 lohanue
956 2589 1409 2701 CastellanoSremeose,
1431 2590 1776 2710 ComiteBogmiln
1798 2589 1992 2679 Venatnre
2053 2621 2059 2635 ³

362 2706 623 2814 Gnezdnensi,
651 2708 795 2795 Comita
816 2705 941 2796 Lasch
963 2707 1046 2818 (sic)
1061 2701 1321 2824 Subdapilcno
1342 2705 1493 2794 domine
1512 2705 1694 2812 Ducisse,
1718 2722 1756 2794 et
1776 2707 1858 2825 alijs
1879 2737 1994 2826 quam

387 2826 529 2914 lusibus
549 2824 626 2914 lide
645 2823 783 2944 dignis.
824 2824 963 2916 Datum
983 2825 1029 2912 in
1044 2829 1225 2914 Gaetulae
1245 2823 1442 2942 Adalbentj
1462 2821 1716 2940 martyris(³),
1736 2825 1993 2922 anno-domini

360 2857 1703 3061 ll1⁰CC⁰ncnagesimotencio,perlaschoaemNotaniumnostrum.
1828 3001 1832 3010 =
1977 2997 1980 3005 ,

465 3157 505 3242 (³)
535 3157 593 3223 llic
606 3155 686 3224 mam
702 3165 806 3224 sancto
819 3156 1150 3227 Adalbcmo.sacramm
1166 3160 1300 3245 intelligi,
1315 3159 1439 3229 minima
1455 3158 1653 3226 dubitandum
1666 3165 1722 3226 est
1743 3160 1779 3226 ln
1790 3159 1992 3228 adscribenda

333 3272 336 3282 ·
361 3241 442 3309 enim
465 3243 636 3308 tabularum
659 3242 724 3322 die,
746 3242 829 3310 verbi
844 3241 947 3321 „dett
969 3245 1052 3328 quod
1068 3243 1309 3330 designationem
1332 3245 1426 3308 sancti
1449 3243 1575 3329 alicujus
1597 3243 1642 3309 vel
1665 3251 1788 3311 sanctae
1808 3245 1991 3327 praecedere

361 3327 488 3400 solebat,
503 3327 672 3402 omittendi,
687 3347 753 3392 mos
768 3326 848 3411 apud
865 3328 1009 3395 Notarios
1022 3329 1074 3396 illo
1089 3339 1228 3414 tempore
1242 3329 1374 3395 invaluit
1403 3327 1491 3396 Geni.
1504 3329 1585 3394 tahb.
1601 3347 1751 3394 annornm
1769 3329 1850 3395 1296
1865 3338 1897 3396 et
1910 3330 1987 3395 1301

361 3408 424 3496 Nm
432 3409 597 3504 lxxxv.
612 3419 643 3478 at
657 3409 750 3480 XCV.
766 3410 892 3480 inlcrius
908 3411 1065 3480 exhibitas.
1930 3435 1940 3454 ·

515 3948 801 4049 Boeotiae,
827 3969 983 4089 nmmo
1008 3935 1157 4088 1292}
1183 3951 1277 4035 «tte
1302 3944 1387 4068 20
1413 3970 1581 4034 meme.
1607 3953 1846 4057 Ammon.

403 4133 693 4210 nutemus
708 4135 936 4210 Maleus
950 4133 1269 4218 numatianus
1282 4133 1491 4229 mammo,
1512 4133 1607 4206 vittas
1621 4151 1698 4208 suaa
1711 4136 1948 4214 amoene-u
1994 4205 1998 4211 .

411 4237 540 4306 aalma
554 4239 607 4320 (t),
628 4253 699 4310 mm
710 4229 796 4311 utus
810 4235 952 4309 cnmntti
966 4235 1220 4310 tintamtcmium
1233 4234 1386 4329 telensis
1399 4235 1508 4302 Kolta
1522 4234 1557 4307 at
1571 4235 1686 4302 ttoceo
1700 4239 1875 4313 conmutat
1888 4241 1898 4326 l
1905 4243 1944 4324 ¹t..

464 4443 507 4532 ln
534 4439 870 4546 nomine-domini,
899 4471 1021 4528 amen.
1074 4439 1210 4530 Omnis
1239 4442 1340 4529 actio
1370 4440 1533 4561 legitima
1565 4443 1780 4561 temporalis
1811 4447 1990 4535 memoria

364 4561 559 4685 indigens,
588 4591 637 4684 ne
663 4586 867 4680 pravorum
895 4558 1085 4662 hominum
1107 4558 1396 4679 ‘sugestionibus
1423 4557 1646 4666 infirmetur,
1675 4561 1762 4648 utile
1782 4575 1819 4648 et
1840 4578 1988 4652 cautum

465 4795 501 4878 (¹)
530 4794 557 4861 E
578 4793 681 4886 tabula
703 4793 876 4861 authentica
897 4792 1131 4860 membranacea
1144 4788 1196 4860 lli.
1218 4792 1343 4881 lomphi
1364 4794 1517 4863 umioclu
1540 4791 1688 4878 propria,
1702 4791 1789 4877 cujus
1811 4794 1941 4881 sigillum
1956 4808 1998 4866 et,

363 4881 569 4966 ligamentum,
583 4897 646 4963 quc
660 4896 831 4963 appensam
844 4886 919 4957 erat,
933 4877 1152 4946 desiderantur.
1269 4889 1274 4902 '
1907 4892 1917 4934 ·.
