4780 5922
1107 737 1380 828 ..1433-

431 973 553 1056 annos
584 942 723 1029 liberos
755 969 843 1028 esse
873 939 1046 1025 volumus
1078 948 1115 1022 et
1144 938 1337 1022 immunes.
1387 931 1558 1051 Expletis
1588 947 1714 1021 autem
1744 935 1922 1052 predictis
1953 941 2061 1030 annis

432 1061 566 1148 eadem
588 1059 756 1146 libertate
775 1057 1020 1175 perfruentur,
1043 1055 1140 1142 sicut
1157 1052 1279 1141 incole
1295 1065 1508 1139 nostrarum
1526 1050 1713 1138 civitatum
1730 1054 1810 1140 iure
1825 1053 2061 1146 Tbeutonico

432 1179 647 1267 locatarum.
681 1174 799 1289 Quod
816 1187 856 1258 ut
876 1176 912 1260 in
927 1175 1086 1260 lutururn
1102 1183 1223 1256 ratum
1245 1185 1282 1256 et
1296 1168 1441 1255 lirmum
1458 1168 1651 1274 habeatur,
1672 1184 1887 1288 presentem
1902 1173 2061 1266 litteram
2198 1222 2201 1230 ν

430 1294 607 1412 predictis
639 1291 854 1411 Capellanis
885 1291 1024 1380 nostris
1055 1304 1198 1378 nostro
1215 1286 1340 1407 sigillo
1361 1285 1532 1374 dedimus
1552 1285 1763 1405 sigillatam.
1813 1289 2061 1386 Presentibus

429 1414 518 1500 biis:
551 1411 697 1500 Comite
718 1410 939 1514 Dirzioraio,
960 1408 1111 1495 domino
1131 1406 1307 1492 Jobanne
1328 1403 1574 1507 Cancellario‚
1604 1403 1752 1492 Comite
1772 1406 1922 1496 Siborio
1942 1407 2060 1529 Dapi-

429 1532 532 1638 lero,
562 1529 717 1617 Urbano
739 1528 1050 1632 Sobcamerario,
1080 1524 1254 1612 Jobanne
1275 1523 1554 1640 Subpincerna‚
1586 1537 1624 1608 et
1642 1521 1765 1610 mdltls
1786 1523 1879 1612 aliis.
1920 1526 2061 1613 Datum

301 1659 302 1667 '
430 1677 532 1738 anno
548 1647 686 1736 domini
707 1642 764 1734 Μο
780 1646 864 1733 cd
879 1645 1130 1764 nonogesimo
1147 1641 1229 1752 (sic)
1245 1639 1428 1765 secundo,
1448 1640 1486 1725 in
1503 1639 1564 1725 die
1579 1640 1679 1727 beati
1699 1637 1854 1729 Andree
1874 1641 2060 1761 Apostoli.

1127 1945 1367 2144 numm
1580 2033 1583 2042 ·

534 2215 536 2220 ·
580 2209 859 2399 anemae,
885 2290 1040 2385 bono
1065 2293 1217 2385 1293
1242 2297 1336 2382 dte
1361 2203 1440 2380 cs
1464 2253 1665 2383 monos
1690 2298 1913 2445 Aprtttc
1955 2299 1978 2402 ³,
2105 2391 2112 2406 ,

429 2505 740 2584 Premtslaus
761 2503 821 2576 Π
840 2469 1070 2577 trutmoniae
1085 2441 1211 2596 'oloris
1225 2498 1361 2574 dntrlc
1375 2499 1489 2574 tono
1502 2498 1645 2574 coenobii
1660 2497 1912 2576 comnenus
1929 2485 2061 2583 Μάσητι·

461 2611 657 2702 potestatem
670 2605 798 2690 tribuit.
820 2603 941 2677 colonis
956 2601 1114 2676 comnis
1130 2605 1164 2673 ot
1176 2601 1283 2674 liberis
1297 2598 1422 2674 totonis
1435 2599 1581 2690 rusticis,
1601 2601 1854 2695 priuilegiojuris
1867 2599 2028 2674 Tmtoucl

723 2701 1199 2794 (onoldesbaturtgarlmrtt,
1222 2701 1767 2792 commmemoratione).
1888 2715 1893 2728 ·

531 2929 743 3017 innomine
765 2925 914 3033 domini,
934 2929 1055 3012 amen.
1091 2923 1226 3014 Omnis
1247 2926 1346 3013 actio
1367 2927 1583 3043 temporalis
1604 2925 1783 3012 memoria
1804 2921 1990 3046 indigens,
2012 2955 2061 3012 ne·

430 3078 636 3167 prauorum
655 3046 843 3133 bominum
865 3043 1174 3164 suggestionibus
1189 3043 1434 3162 'deprauetun
1455 3043 1542 3130 utile
1563 3043 1684 3131 uisum
1705 3057 1783 3148 est,
1815 3057 1856 3129 ut
1875 3043 2061 3161 scripture

430 3167 642 3254 testimonio
662 3165 876 3268 roboretur,
904 3178 940 3250 et
954 3164 1107 3280 justinia
1128 3160 1291 3250 debitum
1313 3161 1498 3249 sorciatur
1518 3160 1702 3248 ellectum.
1744 3157 1929 3249 Nouerint
1948 3161 2060 3279 igitur

430 3284 594 3370 uniuersi
615 3297 829 3399 presentem
850 3281 1027 3402 paginam
1048 3281 1184 3396 uisurj,
1217 3279 1319 3396 quod
1340 3308 1412 3365 uos
1433 3277 1624 3366 secundus
1654 3279 1816 3364 Premizl
1845 3277 1904 3394 dej
1926 3277 2060 3396 gracia

429 3400 519 3489 Dux
548 3400 709 3487 Polo'nie
740 3399 915 3503 Maioris,
951 3399 1144 3515 cupientes
1177 3427 1250 3515 que
1281 3396 1330 3483 ad
1358 3396 1500 3483 cultum
1536 3395 1649 3484 diuini
1679 3396 1835 3485 nominis
1867 3405 2059 3511 spectant,

430 3520 569 3606 uostris
601 3516 831 3635 temporibus
862 3516 994 3631 pocius
1024 3515 1157 3634 augeri
1188 3543 1299 3630 quam
1328 3514 1499 3629 diminuj',
1538 3530 1575 3599 et
1604 3544 1671 3618 ea,
1703 3526 1813 3629 prout
1843 3541 2060 3630 possumus,

431 3637 582 3724 liberius
613 3633 856 3738 cordouere3·
878 3647 1108 3750 quapropter
1138 3659 1210 3717 nos
1239 3632 1523 3750 progenitorum
1555 3644 1770 3716 nostrorum
1801 3627 2060 3732 dcuocionem,

431 3783 543 3872 quam
575 3780 727 3868 semper
754 3749 965 3834 babuerunt
984 3777 1080 3949 erga
1101 3746 1252 3836 domum
1272 3745 1509 3835 Lendensem
1530 3747 1593 3864 pio
1614 3763 1889 3862 prosequentes
1908 3746 2058 3850 allecto,

275 3875 279 3878 ’
430 3867 652 3958 contulimus
672 3864 885 3953 reuerendo
905 3865 1002 3981 patrj
1053 3865 1177 3950 omino
1210 3863 1384 3951 Gerardo
1414 3863 1554 3951 Abbati
1575 3863 1711 3950 domus
1731 3863 1901 3980 ejusdem
1923 3879 1959 3950 et
1980 3865 2061 3951 suis

429 3987 604 4078 iratribus
620 3980 949 4102 interpellantibus,
968 3980 1225 4068 auctoritatem
1243 3977 1391 4068 locand'
1413 3981 1450 4068 in
1466 3979 1682 4086 teredone,
1704 4013 1777 4100 que
1792 3985 1989 4068 Jcrossrizo
2001 3976 2060 4090 (²)

430 4103 583 4210 dicitur,
613 4103 735 4190 villam
764 4131 849 4187 cum
876 4099 1094 4187 Teutonicis
1115 4112 1152 4183 et
1171 4096 1299 4184 liberis
1318 4097 1494 4202 Poenis,
1524 4095 1637 4214 pleno
1657 4099 1737 4186 iure
1757 4097 2061 4186 Teutonicorum.

429 4220 573 4307 Verum
595 4219 684 4339 quia
702 4220 840 4306 donum
862 4216 935 4306 deo
957 4217 1152 4323 collatum,
1182 4215 1331 4336 legibus
1361 4216 1568 4334 principum
1596 4215 1795 4304 subiacere
1826 4246 1902 4303 non
1926 4214 2059 4322 ‘debet

429 4337 603 4425 volumus
633 4337 839 4454 predictam
869 4335 991 4423 villam
1023 4335 1176 4422 liberam
1208 4349 1245 4420 et
1270 4346 1479 4450 exemptam
1511 4365 1600 4422 esse
1627 4359 1653 4423 'a
1679 4366 1827 4447 pouoz,
1858 4339 2057 4446 apreuod,

432 4487 456 4544 a
476 4475 618 4554 atroce,
651 4483 674 4540 a
696 4463 786 4552 don,
818 4469 1000 4553 anorcz,
1029 4483 1052 4542 a
1067 4463 1305 4567 poduoroue
1335 4482 1360 4538 a
1381 4470 1551 4566 tarpouc,
1579 4469 1780 4552 smectica,
1801 4483 1825 4538 a
1845 4465 2057 4540 castrorum

533 4705 571 4787 m
601 4705 647 4772 ux
664 4703 830 4804 pseusippo
845 4703 1078 4772 memorantem
1092 4705 1136 4772 m.
1150 4675 1275 4802 respui
1289 4703 1433 4802 nusum
1448 4704 1588 4787 prona,
1603 4702 1690 4790 ujus
1704 4703 1833 4788 ugrum
1848 4703 2063 4810 aestuemus

431 4791 482 4857 ⁶¹⁸
497 4789 1217 4960 aiiiriiliiblulidiirliiili'dliidlidi
1231 4789 1570 4942 “dlllbllbmm
1585 4880 1618 4938 o
1631 4872 1774 4958 regionis.
