<?xml version="1.0" encoding="UTF-8"?>
<!DOCTYPE html PUBLIC "-//W3C//DTD XHTML 1.0 Transitional//EN"
    "http://www.w3.org/TR/xhtml1/DTD/xhtml1-transitional.dtd">
<html xmlns="http://www.w3.org/1999/xhtml" xml:lang="en" lang="en">
 <head>
  <title>
</title>
<meta http-equiv="Content-Type" content="text/html;charset=utf-8" />
  <meta name='ocr-system' content='tesseract 3.04.00' />
  <meta name='ocr-capabilities' content='ocr_page ocr_carea ocr_par ocr_line ocrx_word'/>
</head>
<body>
  <div class='ocr_page' id='page_1' title='image "./codexdiplomatic02bartgoog_0222.png"; bbox 0 0 4780 5922; ppageno 0'>
   <div class='ocr_carea' id='block_1_1' title="bbox 246 2934 1882 3058">
    <p class='ocr_par' dir='ltr' id='par_1_1' title="bbox 246 2934 1882 3058">
     <span class='ocr_line' id='line_1_1' title="bbox 246 2934 1882 3058; baseline 0.002 -35"><span class='ocrx_word' id='word_1_1' title='bbox 246 2959 254 2972; x_wconf 74' lang='grc'><strong>“</strong></span> <span class='ocrx_word' id='word_1_2' title='bbox 288 2981 292 2986; x_wconf 89' lang='grc'><strong><em>·</em></strong></span> <span class='ocrx_word' id='word_1_3' title='bbox 435 2934 649 3058; x_wconf 82' lang='lat' dir='ltr'><strong>fidedignis.</strong></span> <span class='ocrx_word' id='word_1_4' title='bbox 680 2937 819 3027; x_wconf 84' lang='lat' dir='ltr'><strong>Datum</strong></span> <span class='ocrx_word' id='word_1_5' title='bbox 836 2947 907 3057; x_wconf 84' lang='lat' dir='ltr'><strong>per</strong></span> <span class='ocrx_word' id='word_1_6' title='bbox 922 2969 1053 3028; x_wconf 89' lang='lat' dir='ltr'><strong>manus</strong></span> <span class='ocrx_word' id='word_1_7' title='bbox 1069 2938 1209 3030; x_wconf 89' lang='lat' dir='ltr'><strong>domini</strong></span> <span class='ocrx_word' id='word_1_8' title='bbox 1224 2939 1396 3058; x_wconf 85' lang='lat' dir='ltr'><strong>Phyiippi</strong></span> <span class='ocrx_word' id='word_1_9' title='bbox 1412 2939 1634 3029; x_wconf 86' lang='lat' dir='ltr'><strong>Cancellarii</strong></span> <span class='ocrx_word' id='word_1_10' title='bbox 1650 2941 1768 3030; x_wconf 91' lang='lat' dir='ltr'><strong>nostri</strong></span> <span class='ocrx_word' id='word_1_11' title='bbox 1781 2954 1882 3030; x_wconf 88' lang='lat' dir='ltr'><strong>terre</strong></span> 
     </span>
    </p>
   </div>
   <div class='ocr_carea' id='block_1_2' title="bbox 0 3239 10 5770">
    <p class='ocr_par' dir='ltr' id='par_1_2' title="bbox 0 3239 10 5770">
     <span class='ocr_line' id='line_1_2' title="bbox 0 3239 10 5770; baseline 0 0"><span class='ocrx_word' id='word_1_12' title='bbox 0 3239 10 5770; x_wconf 95' lang='lat' dir='ltr'><strong> </strong></span> 
     </span>
    </p>
   </div>
   <div class='ocr_carea' id='block_1_3' title="bbox 1121 701 1394 805">
    <p class='ocr_par' dir='ltr' id='par_1_3' title="bbox 1121 701 1394 805">
     <span class='ocr_line' id='line_1_3' title="bbox 1121 701 1394 805; baseline 0.022 -8"><span class='ocrx_word' id='word_1_13' title='bbox 1121 772 1167 786; x_wconf 90' lang='lat'><strong>.-</strong></span> <span class='ocrx_word' id='word_1_14' title='bbox 1215 733 1295 805; x_wconf 77' lang='lat'><strong>:184</strong></span> <span class='ocrx_word' id='word_1_15' title='bbox 1339 701 1394 784; x_wconf 57' lang='grc'><strong>’-</strong></span> 
     </span>
    </p>
   </div>
   <div class='ocr_carea' id='block_1_4' title="bbox 435 930 2111 2351">
    <p class='ocr_par' dir='ltr' id='par_1_4' title="bbox 435 930 2111 2351">
     <span class='ocr_line' id='line_1_4' title="bbox 443 930 2075 1053; baseline -0.001 -25"><span class='ocrx_word' id='word_1_16' title='bbox 443 937 691 1028; x_wconf 86' lang='lat' dir='ltr'><strong>testimonium</strong></span> <span class='ocrx_word' id='word_1_17' title='bbox 712 936 874 1027; x_wconf 81' lang='lat' dir='ltr'><strong>onmium</strong></span> <span class='ocrx_word' id='word_1_18' title='bbox 893 935 1129 1053; x_wconf 79' lang='lat' dir='ltr'><strong>presencium</strong></span> <span class='ocrx_word' id='word_1_19' title='bbox 1150 935 1408 1026; x_wconf 75' lang='lat' dir='ltr'><strong>etum-omn</strong></span> <span class='ocrx_word' id='word_1_20' title='bbox 1422 931 1557 1020; x_wconf 82' lang='lat' dir='ltr'><strong>barum</strong></span> <span class='ocrx_word' id='word_1_21' title='bbox 1567 930 1669 1020; x_wconf 83' lang='lat' dir='ltr'><strong>se&#39;rie</strong></span> <span class='ocrx_word' id='word_1_22' title='bbox 1682 931 1884 1023; x_wconf 81' lang='lat' dir='ltr'><strong>litterarum</strong></span> <span class='ocrx_word' id='word_1_23' title='bbox 1899 934 2075 1029; x_wconf 70' lang='lat' dir='ltr'><strong>veientes</strong></span> 
     </span>
     <span class='ocr_line' id='line_1_5' title="bbox 435 1047 2074 1169; baseline -0.001 -25"><span class='ocrx_word' id='word_1_24' title='bbox 435 1055 640 1148; x_wconf 71' lang='lat' dir='ltr'><strong>devenire:</strong></span> <span class='ocrx_word' id='word_1_25' title='bbox 670 1053 774 1169; x_wconf 84' lang='lat' dir='ltr'><strong>quoti</strong></span> <span class='ocrx_word' id='word_1_26' title='bbox 802 1052 893 1141; x_wconf 91' lang='lat' dir='ltr'><strong>dum</strong></span> <span class='ocrx_word' id='word_1_27' title='bbox 922 1052 1072 1142; x_wconf 88' lang='lat' dir='ltr'><strong>discreti</strong></span> <span class='ocrx_word' id='word_1_28' title='bbox 1097 1054 1166 1141; x_wconf 86' lang='lat' dir='ltr'><strong>viri</strong></span> <span class='ocrx_word' id='word_1_29' title='bbox 1185 1051 1391 1140; x_wconf 70' lang='lat' dir='ltr'><strong>fidelissimi</strong></span> <span class='ocrx_word' id='word_1_30' title='bbox 1410 1051 1529 1140; x_wconf 88' lang='lat' dir='ltr'><strong>nostri</strong></span> <span class='ocrx_word' id='word_1_31' title='bbox 1550 1047 1793 1158; x_wconf 61' lang='lat' dir='ltr'><strong>Advocatum</strong></span> <span class='ocrx_word' id='word_1_32' title='bbox 1821 1051 2074 1142; x_wconf 74' lang='lat' dir='ltr'><strong>Consulesret</strong></span> 
     </span>
     <span class='ocr_line' id='line_1_6' title="bbox 440 1169 2071 1289; baseline -0.004 -26"><span class='ocrx_word' id='word_1_33' title='bbox 440 1175 519 1263; x_wconf 87' lang='lat' dir='ltr'><strong>tota</strong></span> <span class='ocrx_word' id='word_1_34' title='bbox 540 1175 760 1262; x_wconf 74' lang='lat' dir='ltr'><strong>universitas</strong></span> <span class='ocrx_word' id='word_1_35' title='bbox 781 1171 938 1260; x_wconf 84' lang='lat' dir='ltr'><strong>civitatis</strong></span> <span class='ocrx_word' id='word_1_36' title='bbox 958 1171 1197 1286; x_wconf 80' lang='lat' dir='ltr'><strong>Kal&#39;ysiensis</strong></span> <span class='ocrx_word' id='word_1_37' title='bbox 1216 1171 1470 1289; x_wconf 80' lang='lat' dir='ltr'><strong>inpresencia</strong></span> <span class='ocrx_word' id='word_1_38' title='bbox 1489 1182 1617 1258; x_wconf 86' lang='lat' dir='ltr'><strong>nostra</strong></span> <span class='ocrx_word' id='word_1_39' title='bbox 1639 1173 1927 1282; x_wconf 62' lang='lat' dir='ltr'><strong>uentorumque</strong></span> <span class='ocrx_word' id='word_1_40' title='bbox 1945 1169 2071 1260; x_wconf 58' lang='lat' dir='ltr'><strong>Bure*</strong></span> 
     </span>
     <span class='ocr_line' id='line_1_7' title="bbox 442 1287 2071 1406; baseline -0.002 -26"><span class='ocrx_word' id='word_1_41' title='bbox 442 1323 530 1380; x_wconf 91' lang='lat' dir='ltr'><strong>uum</strong></span> <span class='ocrx_word' id='word_1_42' title='bbox 549 1293 704 1380; x_wconf 84' lang='lat' dir='ltr'><strong>fuissent</strong></span> <span class='ocrx_word' id='word_1_43' title='bbox 725 1291 923 1386; x_wconf 86' lang='lat' dir='ltr'><strong>constituti,</strong></span> <span class='ocrx_word' id='word_1_44' title='bbox 942 1318 966 1376; x_wconf 90' lang='lat' dir='ltr'><strong>a</strong></span> <span class='ocrx_word' id='word_1_45' title='bbox 985 1290 1097 1377; x_wconf 93' lang='lat' dir='ltr'><strong>nobis</strong></span> <span class='ocrx_word' id='word_1_46' title='bbox 1119 1290 1348 1394; x_wconf 89' lang='lat' dir='ltr'><strong>unanimiter,</strong></span> <span class='ocrx_word' id='word_1_47' title='bbox 1369 1287 1542 1375; x_wconf 85' lang='lat' dir='ltr'><strong>benivole</strong></span> <span class='ocrx_word' id='word_1_48' title='bbox 1562 1301 1600 1376; x_wconf 90' lang='lat' dir='ltr'><strong>et</strong></span> <span class='ocrx_word' id='word_1_49' title='bbox 1614 1287 1813 1406; x_wconf 80' lang='lat' dir='ltr'><strong>gratanter</strong></span> <span class='ocrx_word' id='word_1_50' title='bbox 1824 1288 2071 1406; x_wconf 74' lang='lat' dir='ltr'><strong>postularunt,</strong></span> 
     </span>
     <span class='ocr_line' id='line_1_8' title="bbox 435 1405 2071 1524; baseline 0.004 -35"><span class='ocrx_word' id='word_1_51' title='bbox 435 1425 483 1496; x_wconf 94' lang='lat' dir='ltr'><strong>ut</strong></span> <span class='ocrx_word' id='word_1_52' title='bbox 501 1411 628 1496; x_wconf 92' lang='lat' dir='ltr'><strong>intuitu</strong></span> <span class='ocrx_word' id='word_1_53' title='bbox 660 1409 905 1496; x_wconf 86' lang='lat' dir='ltr'><strong>serviciorum</strong></span> <span class='ocrx_word' id='word_1_54' title='bbox 933 1438 1087 1496; x_wconf 90' lang='lat' dir='ltr'><strong>suorum</strong></span> <span class='ocrx_word' id='word_1_55' title='bbox 1110 1407 1190 1494; x_wconf 85' lang='lat' dir='ltr'><strong>&#39;ura</strong></span> <span class='ocrx_word' id='word_1_56' title='bbox 1210 1437 1340 1494; x_wconf 90' lang='lat' dir='ltr'><strong>eorum</strong></span> <span class='ocrx_word' id='word_1_57' title='bbox 1361 1406 1504 1511; x_wconf 87' lang='lat' dir='ltr'><strong>omnia,</strong></span> <span class='ocrx_word' id='word_1_58' title='bbox 1535 1431 1609 1518; x_wconf 89' lang='lat' dir='ltr'><strong>que</strong></span> <span class='ocrx_word' id='word_1_59' title='bbox 1628 1405 1835 1524; x_wconf 77' lang='lat' dir='ltr'><strong>privilegijs</strong></span> <span class='ocrx_word' id='word_1_60' title='bbox 1852 1421 2071 1497; x_wconf 83' lang='lat' dir='ltr'><strong>nostrorum</strong></span> 
     </span>
     <span class='ocr_line' id='line_1_9' title="bbox 441 1439 2072 1646; baseline -0.001 -32"><span class='ocrx_word' id='word_1_61' title='bbox 441 1526 756 1646; x_wconf 80' lang='lat' dir='ltr'><strong>predecessorum</strong></span> <span class='ocrx_word' id='word_1_62' title='bbox 787 1541 948 1645; x_wconf 90' lang='lat' dir='ltr'><strong>possunt</strong></span> <span class='ocrx_word' id='word_1_63' title='bbox 975 1439 1179 1614; x_wconf 55' lang='lat' dir='ltr'><strong>osteniere</strong></span> <span class='ocrx_word' id='word_1_64' title='bbox 1209 1526 1245 1612; x_wconf 92' lang='lat' dir='ltr'><strong>in</strong></span> <span class='ocrx_word' id='word_1_65' title='bbox 1265 1524 1436 1642; x_wconf 76' lang='lat' dir='ltr'><strong>publico,</strong></span> <span class='ocrx_word' id='word_1_66' title='bbox 1467 1523 1516 1610; x_wconf 91' lang='lat' dir='ltr'><strong>de</strong></span> <span class='ocrx_word' id='word_1_67' title='bbox 1536 1522 1691 1640; x_wconf 73' lang='lat' dir='ltr'><strong>speciali</strong></span> <span class='ocrx_word' id='word_1_68' title='bbox 1750 1524 1852 1611; x_wconf 86' lang='lat' dir='ltr'><strong>racia</strong></span> <span class='ocrx_word' id='word_1_69' title='bbox 1883 1540 1920 1612; x_wconf 89' lang='lat' dir='ltr'><strong>et</strong></span> <span class='ocrx_word' id='word_1_70' title='bbox 1940 1527 2072 1614; x_wconf 80' lang='lat' dir='ltr'><strong>favore</strong></span> 
     </span>
     <span class='ocr_line' id='line_1_10' title="bbox 440 1640 2071 1766; baseline -0.002 -34"><span class='ocrx_word' id='word_1_71' title='bbox 440 1647 603 1766; x_wconf 80' lang='lat' dir='ltr'><strong>gratuita</strong></span> <span class='ocrx_word' id='word_1_72' title='bbox 623 1645 816 1750; x_wconf 87' lang='lat' dir='ltr'><strong>babentes,</strong></span> <span class='ocrx_word' id='word_1_73' title='bbox 838 1645 977 1732; x_wconf 89' lang='lat' dir='ltr'><strong>uostris</strong></span> <span class='ocrx_word' id='word_1_74' title='bbox 998 1643 1148 1761; x_wconf 86' lang='lat' dir='ltr'><strong>scriptis</strong></span> <span class='ocrx_word' id='word_1_75' title='bbox 1168 1643 1365 1729; x_wconf 76' lang='lat' dir='ltr'><strong>autenticis</strong></span> <span class='ocrx_word' id='word_1_76' title='bbox 1385 1640 1705 1741; x_wconf 77' lang='lat' dir='ltr'><strong>confirmaremus,</strong></span> <span class='ocrx_word' id='word_1_77' title='bbox 1774 1658 1789 1730; x_wconf 91' lang='lat' dir='ltr'><strong>t</strong></span> <span class='ocrx_word' id='word_1_78' title='bbox 1807 1641 2071 1762; x_wconf 77' lang='lat' dir='ltr'><strong>quia&#39;diguum</strong></span> 
     </span>
     <span class='ocr_line' id='line_1_11' title="bbox 441 1759 2080 1880; baseline 0.001 -32"><span class='ocrx_word' id='word_1_79' title='bbox 441 1776 519 1870; x_wconf 87' lang='lat' dir='ltr'><strong>cst,</strong></span> <span class='ocrx_word' id='word_1_80' title='bbox 550 1780 589 1851; x_wconf 94' lang='lat' dir='ltr'><strong>ut</strong></span> <span class='ocrx_word' id='word_1_81' title='bbox 609 1763 824 1851; x_wconf 72' lang='lat' dir='ltr'><strong>benemeriti</strong></span> <span class='ocrx_word' id='word_1_82' title='bbox 854 1763 1061 1880; x_wconf 92' lang='lat' dir='ltr'><strong>principum</strong></span> <span class='ocrx_word' id='word_1_83' title='bbox 1092 1759 1285 1878; x_wconf 83' lang='lat' dir='ltr'><strong>beneficijs</strong></span> <span class='ocrx_word' id='word_1_84' title='bbox 1316 1761 1578 1865; x_wconf 75' lang='lat' dir='ltr'><strong>consolentur,</strong></span> <span class='ocrx_word' id='word_1_85' title='bbox 1607 1760 1722 1880; x_wconf 74' lang='lat' dir='ltr'><strong>igitur</strong></span> <span class='ocrx_word' id='word_1_86' title='bbox 1742 1789 1813 1848; x_wconf 86' lang='lat' dir='ltr'><strong>nos</strong></span> <span class='ocrx_word' id='word_1_87' title='bbox 1833 1761 2080 1849; x_wconf 78' lang='lat' dir='ltr'><strong>attentares</strong></span> 
     </span>
     <span class='ocr_line' id='line_1_12' title="bbox 438 1876 2071 1992; baseline 0.001 -26"><span class='ocrx_word' id='word_1_88' title='bbox 438 1879 622 1968; x_wconf 88' lang='lat' dir='ltr'><strong>dictorum</strong></span> <span class='ocrx_word' id='word_1_89' title='bbox 644 1882 778 1969; x_wconf 90' lang='lat' dir='ltr'><strong>civium</strong></span> <span class='ocrx_word' id='word_1_90' title='bbox 799 1879 996 1968; x_wconf 74' lang='lat' dir='ltr'><strong>fidelitates</strong></span> <span class='ocrx_word' id='word_1_91' title='bbox 1017 1876 1193 1967; x_wconf 81' lang='lat' dir='ltr'><strong>etsrdeiia</strong></span> <span class='ocrx_word' id='word_1_92' title='bbox 1213 1880 1385 1985; x_wconf 89' lang='lat' dir='ltr'><strong>servicia,</strong></span> <span class='ocrx_word' id='word_1_93' title='bbox 1408 1905 1480 1992; x_wconf 90' lang='lat' dir='ltr'><strong>que</strong></span> <span class='ocrx_word' id='word_1_94' title='bbox 1496 1877 1607 1964; x_wconf 91' lang='lat' dir='ltr'><strong>nobis</strong></span> <span class='ocrx_word' id='word_1_95' title='bbox 1621 1891 1848 1971; x_wconf 80' lang='lat' dir='ltr'><strong>constanter.</strong></span> <span class='ocrx_word' id='word_1_96' title='bbox 1860 1894 1898 1966; x_wconf 91' lang='lat' dir='ltr'><strong>et</strong></span> <span class='ocrx_word' id='word_1_97' title='bbox 1910 1878 2071 1968; x_wconf 73' lang='lat' dir='ltr'><strong>fidelitei</strong></span> 
     </span>
     <span class='ocr_line' id='line_1_13' title="bbox 440 1996 2070 2116; baseline -0.001 -29"><span class='ocrx_word' id='word_1_98' title='bbox 440 1997 702 2104; x_wconf 90' lang='lat' dir='ltr'><strong>ostenderunt,</strong></span> <span class='ocrx_word' id='word_1_99' title='bbox 734 1999 856 2085; x_wconf 90' lang='lat' dir='ltr'><strong>omnia</strong></span> <span class='ocrx_word' id='word_1_100' title='bbox 872 1999 960 2115; x_wconf 89' lang='lat' dir='ltr'><strong>jura</strong></span> <span class='ocrx_word' id='word_1_101' title='bbox 980 2013 1018 2086; x_wconf 92' lang='lat' dir='ltr'><strong>et</strong></span> <span class='ocrx_word' id='word_1_102' title='bbox 1037 1997 1233 2116; x_wconf 80' lang='lat' dir='ltr'><strong>privilegia</strong></span> <span class='ocrx_word' id='word_1_103' title='bbox 1253 2025 1403 2110; x_wconf 84' lang='lat' dir='ltr'><strong>corma,</strong></span> <span class='ocrx_word' id='word_1_104' title='bbox 1433 2023 1508 2110; x_wconf 90' lang='lat' dir='ltr'><strong>que</strong></span> <span class='ocrx_word' id='word_1_105' title='bbox 1527 2027 1552 2082; x_wconf 95' lang='lat' dir='ltr'><strong>a</strong></span> <span class='ocrx_word' id='word_1_106' title='bbox 1569 1997 1711 2083; x_wconf 89' lang='lat' dir='ltr'><strong>nostris</strong></span> <span class='ocrx_word' id='word_1_107' title='bbox 1757 1996 2070 2086; x_wconf 80' lang='lat' dir='ltr'><strong>redecesscribtm</strong></span> 
     </span>
     <span class='ocr_line' id='line_1_14' title="bbox 439 2027 2111 2250; baseline 0.001 -47"><span class='ocrx_word' id='word_1_108' title='bbox 439 2131 593 2233; x_wconf 90' lang='lat' dir='ltr'><strong>optenta</strong></span> <span class='ocrx_word' id='word_1_109' title='bbox 607 2115 825 2222; x_wconf 89' lang='lat' dir='ltr'><strong>babuerunt,</strong></span> <span class='ocrx_word' id='word_1_110' title='bbox 842 2116 878 2202; x_wconf 92' lang='lat' dir='ltr'><strong>in</strong></span> <span class='ocrx_word' id='word_1_111' title='bbox 887 2115 1045 2234; x_wconf 84' lang='lat' dir='ltr'><strong>publicis</strong></span> <span class='ocrx_word' id='word_1_112' title='bbox 1061 2116 1200 2203; x_wconf 91' lang='lat' dir='ltr'><strong>nostris</strong></span> <span class='ocrx_word' id='word_1_113' title='bbox 1216 2116 1365 2233; x_wconf 89' lang='lat' dir='ltr'><strong>scriptis</strong></span> <span class='ocrx_word' id='word_1_114' title='bbox 1379 2129 1574 2250; x_wconf 70' lang='lat' dir='ltr'><strong>gratanter</strong></span> <span class='ocrx_word' id='word_1_115' title='bbox 1587 2129 1670 2200; x_wconf 90' lang='lat' dir='ltr'><strong>rata</strong></span> <span class='ocrx_word' id='word_1_116' title='bbox 1685 2027 1879 2220; x_wconf 83' lang='lat' dir='ltr'><strong>habentes,</strong></span> <span class='ocrx_word' id='word_1_117' title='bbox 1895 2114 2069 2205; x_wconf 86' lang='lat' dir='ltr'><strong>duximus</strong></span> <span class='ocrx_word' id='word_1_118' title='bbox 2107 2164 2111 2173; x_wconf 95' lang='lat'><strong>·</strong></span> 
     </span>
     <span class='ocr_line' id='line_1_15' title="bbox 440 2231 2069 2351; baseline 0.001 -31"><span class='ocrx_word' id='word_1_119' title='bbox 440 2233 709 2322; x_wconf 85' lang='lat' dir='ltr'><strong>confirmanda.</strong></span> <span class='ocrx_word' id='word_1_120' title='bbox 738 2231 881 2322; x_wconf 82' lang='lat' dir='ltr'><strong>&#39;Actum</strong></span> <span class='ocrx_word' id='word_1_121' title='bbox 903 2232 1004 2351; x_wconf 87' lang='lat' dir='ltr'><strong>apud</strong></span> <span class='ocrx_word' id='word_1_122' title='bbox 1025 2239 1153 2347; x_wconf 76' lang='lat' dir='ltr'><strong>Kalpe,</strong></span> <span class='ocrx_word' id='word_1_123' title='bbox 1173 2262 1274 2321; x_wconf 91' lang='lat' dir='ltr'><strong>anno</strong></span> <span class='ocrx_word' id='word_1_124' title='bbox 1296 2231 1434 2322; x_wconf 89' lang='lat' dir='ltr'><strong>dommi</strong></span> <span class='ocrx_word' id='word_1_125' title='bbox 1453 2231 1652 2321; x_wconf 84' lang='lat' dir='ltr'><strong>Millesimo</strong></span> <span class='ocrx_word' id='word_1_126' title='bbox 1674 2232 1940 2324; x_wconf 88' lang='lat' dir='ltr'><strong>trecentesimo</strong></span> <span class='ocrx_word' id='word_1_127' title='bbox 1959 2259 2069 2351; x_wconf 85' lang='lat' dir='ltr'><strong>quar-</strong></span> 
     </span>
    </p>
   </div>
   <div class='ocr_carea' id='block_1_5' title="bbox 432 2321 2241 2458">
    <p class='ocr_par' dir='ltr' id='par_1_5' title="bbox 432 2321 2241 2458">
     <span class='ocr_line' id='line_1_16' title="bbox 432 2321 2241 2458; baseline 0.003 -20"><span class='ocrx_word' id='word_1_128' title='bbox 432 2349 638 2458; x_wconf 86' lang='lat' dir='ltr'><strong>todecimo,</strong></span> <span class='ocrx_word' id='word_1_129' title='bbox 658 2352 695 2438; x_wconf 90' lang='lat' dir='ltr'><strong>in</strong></span> <span class='ocrx_word' id='word_1_130' title='bbox 715 2355 852 2440; x_wconf 83' lang='lat' dir='ltr'><strong>octaua</strong></span> <span class='ocrx_word' id='word_1_131' title='bbox 872 2345 922 2440; x_wconf 77' lang='lat' dir='ltr'><strong>S²&#39;</strong></span> <span class='ocrx_word' id='word_1_132' title='bbox 942 2351 1214 2442; x_wconf 84' lang='lat' dir='ltr'><strong>Bartholomei.</strong></span> <span class='ocrx_word' id='word_1_133' title='bbox 1248 2349 1292 2440; x_wconf 91' lang='lat' dir='ltr'><strong>ln</strong></span> <span class='ocrx_word' id='word_1_134' title='bbox 1311 2351 1418 2442; x_wconf 87' lang='lat' dir='ltr'><strong>cuius</strong></span> <span class='ocrx_word' id='word_1_135' title='bbox 1438 2351 1493 2440; x_wconf 85' lang='lat' dir='ltr'><strong>rei</strong></span> <span class='ocrx_word' id='word_1_136' title='bbox 1514 2350 1762 2441; x_wconf 88' lang='lat' dir='ltr'><strong>testimonium</strong></span> <span class='ocrx_word' id='word_1_137' title='bbox 1784 2365 1820 2439; x_wconf 92' lang='lat' dir='ltr'><strong>et</strong></span> <span class='ocrx_word' id='word_1_138' title='bbox 1836 2341 2069 2444; x_wconf 83' lang='lat' dir='ltr'><strong>evidenciam</strong></span> <span class='ocrx_word' id='word_1_139' title='bbox 2135 2347 2137 2352; x_wconf 64' lang='grc'>’</span> <span class='ocrx_word' id='word_1_140' title='bbox 2232 2321 2241 2458; x_wconf 85' lang='grc' dir='ltr'> </span> 
     </span>
    </p>
   </div>
   <div class='ocr_carea' id='block_1_6' title="bbox 332 2466 2068 3030">
    <p class='ocr_par' dir='ltr' id='par_1_6' title="bbox 332 2466 2068 2820">
     <span class='ocr_line' id='line_1_17' title="bbox 332 2466 2068 2592; baseline 0.003 -38"><span class='ocrx_word' id='word_1_141' title='bbox 332 2581 338 2592; x_wconf 72' lang='lat'><em>‚</em></span> <span class='ocrx_word' id='word_1_142' title='bbox 437 2469 654 2585; x_wconf 85' lang='lat' dir='ltr'><strong>pleniorem,</strong></span> <span class='ocrx_word' id='word_1_143' title='bbox 674 2468 914 2586; x_wconf 89' lang='lat' dir='ltr'><strong>presentibus</strong></span> <span class='ocrx_word' id='word_1_144' title='bbox 935 2469 1095 2592; x_wconf 79' lang='lat' dir='ltr'><strong>sigillum</strong></span> <span class='ocrx_word' id='word_1_145' title='bbox 1115 2483 1285 2558; x_wconf 81' lang='lat' dir='ltr'><strong>nostrum</strong></span> <span class='ocrx_word' id='word_1_146' title='bbox 1300 2467 1473 2556; x_wconf 89' lang='lat' dir='ltr'><strong>duximus</strong></span> <span class='ocrx_word' id='word_1_147' title='bbox 1489 2466 1791 2588; x_wconf 89' lang='lat' dir='ltr'><strong>appendendum.</strong></span> <span class='ocrx_word' id='word_1_148' title='bbox 1823 2469 2068 2560; x_wconf 84' lang='lat' dir='ltr'><strong>Presentibus</strong></span> 
     </span>
     <span class='ocr_line' id='line_1_18' title="bbox 436 2581 2067 2708; baseline 0.004 -36"><span class='ocrx_word' id='word_1_149' title='bbox 436 2587 575 2674; x_wconf 89' lang='lat' dir='ltr'><strong>nostris</strong></span> <span class='ocrx_word' id='word_1_150' title='bbox 597 2587 785 2674; x_wconf 83' lang='lat' dir='ltr'><strong>militibus:</strong></span> <span class='ocrx_word' id='word_1_151' title='bbox 816 2583 981 2674; x_wconf 89' lang='lat' dir='ltr'><strong>Martino</strong></span> <span class='ocrx_word' id='word_1_152' title='bbox 1007 2586 1182 2676; x_wconf 80' lang='lat' dir='ltr'><strong>Palatino</strong></span> <span class='ocrx_word' id='word_1_153' title='bbox 1208 2581 1507 2702; x_wconf 73' lang='lat' dir='ltr'><strong>Kalysieusi(²),</strong></span> <span class='ocrx_word' id='word_1_154' title='bbox 1537 2585 1640 2673; x_wconf 89' lang='lat' dir='ltr'><strong>Pred</strong></span> <span class='ocrx_word' id='word_1_155' title='bbox 1670 2586 1829 2686; x_wconf 83' lang='lat' dir='ltr'><strong>elchane</strong></span> <span class='ocrx_word' id='word_1_156' title='bbox 1851 2587 2067 2708; x_wconf 79' lang='lat' dir='ltr'><strong>Castellano</strong></span> 
     </span>
     <span class='ocr_line' id='line_1_19' title="bbox 436 2617 2066 2820; baseline 0.002 -32"><span class='ocrx_word' id='word_1_157' title='bbox 436 2703 700 2808; x_wconf 87' lang='lat' dir='ltr'><strong>Poznaniensi‚</strong></span> <span class='ocrx_word' id='word_1_158' title='bbox 719 2703 937 2806; x_wconf 82' lang='lat' dir='ltr'><strong>Petrcbcne</strong></span> <span class='ocrx_word' id='word_1_159' title='bbox 956 2702 1102 2811; x_wconf 82' lang='lat' dir='ltr'><strong>Judice,</strong></span> <span class='ocrx_word' id='word_1_160' title='bbox 1127 2705 1295 2820; x_wconf 86' lang='lat' dir='ltr'><strong>Symone</strong></span> <span class='ocrx_word' id='word_1_161' title='bbox 1315 2704 1607 2792; x_wconf 90' lang='lat' dir='ltr'><strong>Subcamerario</strong></span> <span class='ocrx_word' id='word_1_162' title='bbox 1627 2617 1926 2820; x_wconf 62' lang='lat' dir='ltr'><strong>lialysiensibus</strong></span> <span class='ocrx_word' id='word_1_163' title='bbox 1947 2700 2066 2791; x_wconf 87' lang='lat' dir='ltr'><strong>Wan-</strong></span> 
     </span>
    </p>

    <p class='ocr_par' dir='ltr' id='par_1_7' title="bbox 349 2818 2065 3027">
     <span class='ocr_line' id='line_1_20' title="bbox 349 2818 2065 3027; baseline 0.003 -121"><span class='ocrx_word' id='word_1_164' title='bbox 349 2819 383 2881; x_wconf 43' lang='grc' dir='ltr'>Ψ</span> <span class='ocrx_word' id='word_1_165' title='bbox 437 2819 567 2908; x_wconf 83' lang='lat' dir='ltr'><strong>cesino</strong></span> <span class='ocrx_word' id='word_1_166' title='bbox 589 2818 690 2909; x_wconf 92' lang='lat' dir='ltr'><strong>dicto</strong></span> <span class='ocrx_word' id='word_1_167' title='bbox 707 2818 789 2939; x_wconf 85' lang='lat' dir='ltr'><strong>Lijs</strong></span> <span class='ocrx_word' id='word_1_168' title='bbox 810 2819 1020 2939; x_wconf 87' lang='lat' dir='ltr'><strong>Capitoneo</strong></span> <span class='ocrx_word' id='word_1_169' title='bbox 1041 2820 1282 2938; x_wconf 88' lang='lat' dir='ltr'><strong>Syradiensi‚</strong></span> <span class='ocrx_word' id='word_1_170' title='bbox 1312 2823 1430 2910; x_wconf 90' lang='lat' dir='ltr'><strong>Petro</strong></span> <span class='ocrx_word' id='word_1_171' title='bbox 1452 2821 1716 2938; x_wconf 87' lang='lat' dir='ltr'><strong>Stcssewycz‚</strong></span> <span class='ocrx_word' id='word_1_172' title='bbox 1738 2839 1775 2910; x_wconf 90' lang='lat' dir='ltr'><strong>et</strong></span> <span class='ocrx_word' id='word_1_173' title='bbox 1794 2821 1876 2938; x_wconf 86' lang='lat' dir='ltr'><strong>alijs</strong></span> <span class='ocrx_word' id='word_1_174' title='bbox 1897 2821 2065 3027; x_wconf 52' lang='lat' dir='ltr'><strong>piupibus</strong></span> 
     </span>
    </p>

    <p class='ocr_par' dir='ltr' id='par_1_8' title="bbox 1932 2969 2066 3030">
     <span class='ocr_line' id='line_1_21' title="bbox 1932 2969 2066 3030; baseline -0.007 -3"><span class='ocrx_word' id='word_1_175' title='bbox 1932 2969 2066 3030; x_wconf 86' lang='lat' dir='ltr'><strong>conte.</strong></span> 
     </span>
    </p>
   </div>
   <div class='ocr_carea' id='block_1_7' title="bbox 436 3151 2176 3256">
    <p class='ocr_par' dir='ltr' id='par_1_9' title="bbox 436 3151 2176 3256">
     <span class='ocr_line' id='line_1_22' title="bbox 436 3151 2176 3256; baseline 0.004 -38"><span class='ocrx_word' id='word_1_176' title='bbox 436 3151 503 3218; x_wconf 80' lang='lat' dir='ltr'><strong>clue</strong></span> <span class='ocrx_word' id='word_1_177' title='bbox 516 3160 565 3219; x_wconf 84' lang='lat' dir='ltr'><strong>cst</strong></span> <span class='ocrx_word' id='word_1_178' title='bbox 578 3161 732 3220; x_wconf 81' lang='lat' dir='ltr'><strong>exornate.</strong></span> <span class='ocrx_word' id='word_1_179' title='bbox 761 3155 915 3220; x_wconf 78' lang='lat' dir='ltr'><strong>Personae</strong></span> <span class='ocrx_word' id='word_1_180' title='bbox 930 3153 1045 3240; x_wconf 80' lang='lat' dir='ltr'><strong>effigies</strong></span> <span class='ocrx_word' id='word_1_181' title='bbox 1059 3155 1158 3256; x_wconf 84' lang='lat' dir='ltr'><strong>cupite</strong></span> <span class='ocrx_word' id='word_1_182' title='bbox 1171 3176 1253 3223; x_wconf 89' lang='lat' dir='ltr'><strong>nuno</strong></span> <span class='ocrx_word' id='word_1_183' title='bbox 1267 3163 1364 3234; x_wconf 80' lang='lat' dir='ltr'><strong>caret,</strong></span> <span class='ocrx_word' id='word_1_184' title='bbox 1385 3155 1467 3242; x_wconf 86' lang='lat' dir='ltr'><strong>quod</strong></span> <span class='ocrx_word' id='word_1_185' title='bbox 1483 3163 1585 3224; x_wconf 87' lang='lat' dir='ltr'><strong>tamon</strong></span> <span class='ocrx_word' id='word_1_186' title='bbox 1600 3155 1659 3223; x_wconf 82' lang='lat' dir='ltr'><strong>otia</strong></span> <span class='ocrx_word' id='word_1_187' title='bbox 1674 3157 1745 3224; x_wconf 89' lang='lat' dir='ltr'><strong>huic</strong></span> <span class='ocrx_word' id='word_1_188' title='bbox 1759 3157 1868 3225; x_wconf 77' lang='lat' dir='ltr'><strong>similia</strong></span> <span class='ocrx_word' id='word_1_189' title='bbox 1882 3158 1977 3246; x_wconf 74' lang='lat' dir='ltr'><strong>sigilla</strong></span> <span class='ocrx_word' id='word_1_190' title='bbox 1991 3159 2064 3225; x_wconf 84' lang='lat' dir='ltr'><strong>vn-</strong></span> <span class='ocrx_word' id='word_1_191' title='bbox 2173 3195 2176 3202; x_wconf 89' lang='lat'>-</span> 
     </span>
    </p>
   </div>
   <div class='ocr_carea' id='block_1_8' title="bbox 305 3234 2062 3586">
    <p class='ocr_par' dir='ltr' id='par_1_10' title="bbox 305 3234 2062 3586">
     <span class='ocr_line' id='line_1_23' title="bbox 436 3234 2062 3341; baseline 0.006 -41"><span class='ocrx_word' id='word_1_192' title='bbox 436 3234 541 3334; x_wconf 67' lang='lat' dir='ltr'><strong>(ticini,</strong></span> <span class='ocrx_word' id='word_1_193' title='bbox 563 3236 731 3309; x_wconf 69' lang='lat' dir='ltr'><strong>diademate</strong></span> <span class='ocrx_word' id='word_1_194' title='bbox 744 3239 920 3313; x_wconf 84' lang='lat' dir='ltr'><strong>redimitum</strong></span> <span class='ocrx_word' id='word_1_195' title='bbox 934 3238 1028 3338; x_wconf 67' lang='lat' dir='ltr'><strong>tuisse</strong></span> <span class='ocrx_word' id='word_1_196' title='bbox 1043 3241 1185 3308; x_wconf 77' lang='lat' dir='ltr'><strong>inducunt</strong></span> <span class='ocrx_word' id='word_1_197' title='bbox 1215 3240 1373 3339; x_wconf 71' lang='lat' dir='ltr'><strong>inscriptio</strong></span> <span class='ocrx_word' id='word_1_198' title='bbox 1389 3258 1430 3328; x_wconf 83' lang='lat' dir='ltr'><strong>qu</strong></span> <span class='ocrx_word' id='word_1_199' title='bbox 1496 3243 1656 3328; x_wconf 76' lang='lat' dir='ltr'><strong>esigittum</strong></span> <span class='ocrx_word' id='word_1_200' title='bbox 1668 3244 1796 3341; x_wconf 69' lang='lat' dir='ltr'><strong>¹cingens</strong></span> <span class='ocrx_word' id='word_1_201' title='bbox 1811 3243 1910 3312; x_wconf 76' lang='lat' dir='ltr'><strong>tmst-</strong></span> <span class='ocrx_word' id='word_1_202' title='bbox 1933 3243 2062 3326; x_wconf 73' lang='lat' dir='ltr'><strong>Genua·</strong></span> 
     </span>
     <span class='ocr_line' id='line_1_24' title="bbox 305 3320 2060 3444; baseline 0.006 -60"><span class='ocrx_word' id='word_1_203' title='bbox 305 3355 308 3360; x_wconf 93' lang='lat'>·</span> <span class='ocrx_word' id='word_1_204' title='bbox 434 3320 633 3420; x_wconf 32' lang='lat' dir='ltr'><strong>pgrtlrpquod</strong></span> <span class='ocrx_word' id='word_1_205' title='bbox 648 3321 807 3408; x_wconf 81' lang='lat' dir='ltr'><strong>appeliant,</strong></span> <span class='ocrx_word' id='word_1_206' title='bbox 820 3323 922 3390; x_wconf 79' lang='lat' dir='ltr'><strong>locum</strong></span> <span class='ocrx_word' id='word_1_207' title='bbox 938 3324 1077 3392; x_wconf 74' lang='lat' dir='ltr'><strong>obtinent</strong></span> <span class='ocrx_word' id='word_1_208' title='bbox 1091 3323 1152 3392; x_wconf 86' lang='lat' dir='ltr'><strong>duo</strong></span> <span class='ocrx_word' id='word_1_209' title='bbox 1166 3332 1264 3411; x_wconf 80' lang='lat' dir='ltr'><strong>epatre</strong></span> <span class='ocrx_word' id='word_1_210' title='bbox 1278 3325 1425 3410; x_wconf 83' lang='lat' dir='ltr'><strong>quadratu</strong></span> <span class='ocrx_word' id='word_1_211' title='bbox 1441 3346 1459 3392; x_wconf 91' lang='lat' dir='ltr'><strong>o</strong></span> <span class='ocrx_word' id='word_1_212' title='bbox 1482 3326 1572 3444; x_wconf 72' lang='lat' dir='ltr'><strong>ionga</strong></span> <span class='ocrx_word' id='word_1_213' title='bbox 1586 3327 1666 3422; x_wconf 84' lang='lat' dir='ltr'><strong>inter</strong></span> <span class='ocrx_word' id='word_1_214' title='bbox 1680 3326 1809 3395; x_wconf 75' lang='lat' dir='ltr'><strong>totidem</strong></span> <span class='ocrx_word' id='word_1_215' title='bbox 1824 3327 1918 3395; x_wconf 83' lang='lat' dir='ltr'><strong>lineae</strong></span> <span class='ocrx_word' id='word_1_216' title='bbox 1929 3328 2060 3441; x_wconf 68' lang='lat' dir='ltr'><strong>duectas</strong></span> 
     </span>
     <span class='ocr_line' id='line_1_25' title="bbox 434 3425 2060 3586; baseline 0.004 -28"><span class='ocrx_word' id='word_1_217' title='bbox 434 3425 634 3576; x_wconf 52' lang='lat' dir='ltr'><strong>&#39;mpmigilp</strong></span> <span class='ocrx_word' id='word_1_218' title='bbox 649 3487 790 3559; x_wconf 84' lang='lat' dir='ltr'><strong>Niosiacii</strong></span> <span class='ocrx_word' id='word_1_219' title='bbox 805 3490 903 3562; x_wconf 85' lang='lat' dir='ltr'><strong>iudice</strong></span> <span class='ocrx_word' id='word_1_220' title='bbox 917 3493 1125 3564; x_wconf 72' lang='lat' dir='ltr'><strong>annonarum</strong></span> <span class='ocrx_word' id='word_1_221' title='bbox 1139 3493 1383 3572; x_wconf 74' lang='lat' dir='ltr'><strong>caunensium,</strong></span> <span class='ocrx_word' id='word_1_222' title='bbox 1398 3477 1551 3582; x_wconf 76' lang='lat' dir='ltr'><strong>Martinus</strong></span> <span class='ocrx_word' id='word_1_223' title='bbox 1564 3493 1613 3562; x_wconf 85' lang='lat' dir='ltr'><strong>bic</strong></span> <span class='ocrx_word' id='word_1_224' title='bbox 1626 3495 1747 3564; x_wconf 76' lang='lat' dir='ltr'><strong>sitenuo</strong></span> <span class='ocrx_word' id='word_1_225' title='bbox 1759 3465 1991 3586; x_wconf 74' lang='lat' dir='ltr'><strong>praetermiseris</strong></span> <span class='ocrx_word' id='word_1_226' title='bbox 2005 3504 2060 3565; x_wconf 80' lang='lat' dir='ltr'><strong>est</strong></span> 
     </span>
    </p>
   </div>
   <div class='ocr_carea' id='block_1_9' title="bbox 434 3937 1914 4102">
    <p class='ocr_par' dir='ltr' id='par_1_11' title="bbox 434 3937 2061 4102">
     <span class='ocr_line' id='line_1_26' title="bbox 434 3937 1914 4102; baseline -0.006 -32"><span class='ocrx_word' id='word_1_227' title='bbox 434 4001 443 4084; x_wconf 71' lang='grc' dir='ltr'>ζ</span> <span class='ocrx_word' id='word_1_228' title='bbox 575 3937 809 4074; x_wconf 37' lang='lat' dir='ltr'><strong>&#39;Deiecit</strong></span> <span class='ocrx_word' id='word_1_229' title='bbox 835 3995 990 4063; x_wconf 80' lang='lat' dir='ltr'><strong>ammo</strong></span> <span class='ocrx_word' id='word_1_230' title='bbox 1016 3945 1166 4068; x_wconf 66' lang='lat'><strong>1822</strong></span> <span class='ocrx_word' id='word_1_231' title='bbox 1193 3979 1286 4067; x_wconf 80' lang='lat' dir='ltr'><strong>dte</strong></span> <span class='ocrx_word' id='word_1_232' title='bbox 1309 3981 1393 4102; x_wconf 78' lang='lat' dir='ltr'><strong>ru</strong></span> <span class='ocrx_word' id='word_1_233' title='bbox 1408 4003 1551 4071; x_wconf 74' lang='lat' dir='ltr'><strong>mccc.</strong></span> <span class='ocrx_word' id='word_1_234' title='bbox 1577 3971 1914 4072; x_wconf 63' lang='lat' dir='ltr'><strong>Decembres.</strong></span> 
     </span>
    </p>
   </div>
   <div class='ocr_carea' id='block_1_10' title="bbox 431 4139 2062 4478">
    <p class='ocr_par' dir='ltr' id='par_1_12' title="bbox 431 4139 2062 4478">
     <span class='ocr_line' id='line_1_27' title="bbox 431 4139 2062 4247; baseline 0.011 -36"><span class='ocrx_word' id='word_1_235' title='bbox 431 4139 503 4212; x_wconf 81' lang='lat' dir='ltr'><strong>ttox</strong></span> <span class='ocrx_word' id='word_1_236' title='bbox 515 4142 800 4218; x_wconf 65' lang='lat' dir='ltr'><strong>wantelinus</strong></span> <span class='ocrx_word' id='word_1_237' title='bbox 814 4145 1056 4247; x_wconf 62' lang='lat' dir='ltr'><strong>manneus,</strong></span> <span class='ocrx_word' id='word_1_238' title='bbox 1071 4147 1190 4224; x_wconf 74' lang='lat' dir='ltr'><strong>unum</strong></span> <span class='ocrx_word' id='word_1_239' title='bbox 1204 4150 1311 4240; x_wconf 82' lang='lat' dir='ltr'><strong>oppttt</strong></span> <span class='ocrx_word' id='word_1_240' title='bbox 1323 4154 1550 4240; x_wconf 54' lang='lat' dir='ltr'><strong>tradamaue,</strong></span> <span class='ocrx_word' id='word_1_241' title='bbox 1564 4155 1681 4228; x_wconf 76' lang='lat' dir='ltr'><strong>notun</strong></span> <span class='ocrx_word' id='word_1_242' title='bbox 1693 4157 1788 4230; x_wconf 85' lang='lat' dir='ltr'><strong>muto</strong></span> <span class='ocrx_word' id='word_1_243' title='bbox 1802 4151 1917 4243; x_wconf 66' lang='lat' dir='ltr'><strong>amtor!</strong></span> <span class='ocrx_word' id='word_1_244' title='bbox 1930 4151 2062 4228; x_wconf 74' lang='lat' dir='ltr'><strong>tolita·</strong></span> 
     </span>
     <span class='ocr_line' id='line_1_28' title="bbox 431 4243 2060 4351; baseline 0.008 -35"><span class='ocrx_word' id='word_1_245' title='bbox 431 4257 529 4334; x_wconf 68' lang='lat' dir='ltr'><strong>propo</strong></span> <span class='ocrx_word' id='word_1_246' title='bbox 551 4243 695 4334; x_wconf 71' lang='lat' dir='ltr'><strong>annum</strong></span> <span class='ocrx_word' id='word_1_247' title='bbox 717 4247 944 4324; x_wconf 78' lang='lat' dir='ltr'><strong>mtttcmttn</strong></span> <span class='ocrx_word' id='word_1_248' title='bbox 963 4254 997 4324; x_wconf 85' lang='lat' dir='ltr'><strong>ot</strong></span> <span class='ocrx_word' id='word_1_249' title='bbox 1009 4267 1131 4341; x_wconf 76' lang='lat' dir='ltr'><strong>pascua</strong></span> <span class='ocrx_word' id='word_1_250' title='bbox 1150 4251 1342 4346; x_wconf 60' lang='lat' dir='ltr'><strong>partesque</strong></span> <span class='ocrx_word' id='word_1_251' title='bbox 1364 4254 1509 4348; x_wconf 73' lang='lat' dir='ltr'><strong>oppitun</strong></span> <span class='ocrx_word' id='word_1_252' title='bbox 1526 4256 1785 4351; x_wconf 73' lang='lat' dir='ltr'><strong>circumjacentia</strong></span> <span class='ocrx_word' id='word_1_253' title='bbox 1798 4253 1918 4330; x_wconf 72' lang='lat' dir='ltr'><strong>utente</strong></span> <span class='ocrx_word' id='word_1_254' title='bbox 1929 4254 2060 4330; x_wconf 73' lang='lat' dir='ltr'><strong>brom</strong></span> 
     </span>
     <span class='ocr_line' id='line_1_29' title="bbox 655 4349 1838 4478; baseline 0.008 -57"><span class='ocrx_word' id='word_1_255' title='bbox 655 4349 811 4478; x_wconf 61' lang='lat' dir='ltr'><strong>ccum,</strong></span> <span class='ocrx_word' id='word_1_256' title='bbox 824 4351 975 4443; x_wconf 61' lang='lat' dir='ltr'><strong>neuneu</strong></span> <span class='ocrx_word' id='word_1_257' title='bbox 990 4351 1128 4443; x_wconf 75' lang='lat' dir='ltr'><strong>quotu</strong></span> <span class='ocrx_word' id='word_1_258' title='bbox 1141 4353 1306 4445; x_wconf 76' lang='lat' dir='ltr'><strong>mommo</strong></span> <span class='ocrx_word' id='word_1_259' title='bbox 1318 4355 1525 4445; x_wconf 68' lang='lat' dir='ltr'><strong>prosecuto,</strong></span> <span class='ocrx_word' id='word_1_260' title='bbox 1539 4357 1601 4431; x_wconf 77' lang='lat' dir='ltr'><strong>stbt</strong></span> <span class='ocrx_word' id='word_1_261' title='bbox 1613 4359 1776 4432; x_wconf 78' lang='lat' dir='ltr'><strong>nuncto</strong></span> <span class='ocrx_word' id='word_1_262' title='bbox 1788 4359 1838 4444; x_wconf 81' lang='lat' dir='ltr'><strong>t¹t</strong></span> 
     </span>
    </p>
   </div>
   <div class='ocr_carea' id='block_1_11' title="bbox 431 4503 2063 4782">
    <p class='ocr_par' dir='ltr' id='par_1_13' title="bbox 431 4503 2063 4782">
     <span class='ocr_line' id='line_1_30' title="bbox 437 4503 2060 4665; baseline 0.007 -45"><span class='ocrx_word' id='word_1_263' title='bbox 437 4543 459 4652; x_wconf 31' lang='lat' dir='ltr'><strong>&#39;f&#39;</strong></span> <span class='ocrx_word' id='word_1_264' title='bbox 531 4531 575 4621; x_wconf 89' lang='lat' dir='ltr'><strong>ln</strong></span> <span class='ocrx_word' id='word_1_265' title='bbox 595 4535 744 4622; x_wconf 91' lang='lat' dir='ltr'><strong>nomine</strong></span> <span class='ocrx_word' id='word_1_266' title='bbox 764 4534 912 4641; x_wconf 90' lang='lat' dir='ltr'><strong>domini,</strong></span> <span class='ocrx_word' id='word_1_267' title='bbox 933 4570 1069 4627; x_wconf 86' lang='lat' dir='ltr'><strong>amem·</strong></span> <span class='ocrx_word' id='word_1_268' title='bbox 1092 4539 1271 4664; x_wconf 70' lang='lat' dir='ltr'><strong>largitas</strong></span> <span class='ocrx_word' id='word_1_269' title='bbox 1292 4571 1425 4664; x_wconf 83' lang='lat' dir='ltr'><strong>regum</strong></span> <span class='ocrx_word' id='word_1_270' title='bbox 1447 4547 1692 4665; x_wconf 84' lang='lat' dir='ltr'><strong>multipliciter</strong></span> <span class='ocrx_word' id='word_1_271' title='bbox 1712 4503 2060 4652; x_wconf 84' lang='lat' dir='ltr'><strong>commendatur,si</strong></span> 
     </span>
     <span class='ocr_line' id='line_1_31' title="bbox 431 4649 2063 4782; baseline 0.006 -40"><span class='ocrx_word' id='word_1_272' title='bbox 431 4681 480 4742; x_wconf 78' lang='lat' dir='ltr'><strong>ex</strong></span> <span class='ocrx_word' id='word_1_273' title='bbox 499 4651 622 4770; x_wconf 80' lang='lat' dir='ltr'><strong>gratia</strong></span> <span class='ocrx_word' id='word_1_274' title='bbox 642 4649 896 4761; x_wconf 88' lang='lat' dir='ltr'><strong>donationum,</strong></span> <span class='ocrx_word' id='word_1_275' title='bbox 917 4655 1149 4750; x_wconf 83' lang='lat' dir='ltr'><strong>confirmatio</strong></span> <span class='ocrx_word' id='word_1_276' title='bbox 1169 4662 1343 4754; x_wconf 89' lang='lat' dir='ltr'><strong>benivola</strong></span> <span class='ocrx_word' id='word_1_277' title='bbox 1360 4663 1612 4782; x_wconf 79' lang='lat' dir='ltr'><strong>subsequitur.</strong></span> <span class='ocrx_word' id='word_1_278' title='bbox 1645 4661 1737 4754; x_wconf 86' lang='lat' dir='ltr'><strong>Ideo</strong></span> <span class='ocrx_word' id='word_1_279' title='bbox 1753 4693 1826 4754; x_wconf 89' lang='lat' dir='ltr'><strong>nos</strong></span> <span class='ocrx_word' id='word_1_280' title='bbox 1840 4661 2063 4764; x_wconf 84' lang='lat' dir='ltr'><strong>Viadislaus¹</strong></span> 
     </span>
    </p>
   </div>
   <div class='ocr_carea' id='block_1_12' title="bbox 532 4819 1862 4979">
    <p class='ocr_par' dir='ltr' id='par_1_14' title="bbox 532 4819 1862 4979">
     <span class='ocr_line' id='line_1_32' title="bbox 532 4819 1862 4979; baseline 0.008 -43"><span class='ocrx_word' id='word_1_281' title='bbox 532 4865 580 4979; x_wconf 55' lang='lat' dir='ltr'><strong>(b</strong></span> <span class='ocrx_word' id='word_1_282' title='bbox 590 4865 645 4936; x_wconf 58' lang='lat' dir='ltr'><strong>«Ex</strong></span> <span class='ocrx_word' id='word_1_283' title='bbox 659 4869 836 4960; x_wconf 72' lang='lat' dir='ltr'><strong>apographo</strong></span> <span class='ocrx_word' id='word_1_284' title='bbox 850 4869 971 4939; x_wconf 79' lang='lat' dir='ltr'><strong>doctiss.</strong></span> <span class='ocrx_word' id='word_1_285' title='bbox 986 4870 1212 4954; x_wconf 71' lang='lat' dir='ltr'><strong>Komircwscii</strong></span> <span class='ocrx_word' id='word_1_286' title='bbox 1226 4819 1310 4964; x_wconf 80' lang='lat' dir='ltr'><strong>quod</strong></span> <span class='ocrx_word' id='word_1_287' title='bbox 1324 4836 1407 4946; x_wconf 85' lang='lat' dir='ltr'><strong>unde</strong></span> <span class='ocrx_word' id='word_1_288' title='bbox 1420 4875 1605 4965; x_wconf 73' lang='lat' dir='ltr'><strong>dmcriptum</strong></span> <span class='ocrx_word' id='word_1_289' title='bbox 1619 4880 1667 4964; x_wconf 65' lang='lat' dir='ltr'><strong>rit</strong></span> <span class='ocrx_word' id='word_1_290' title='bbox 1682 4901 1739 4948; x_wconf 81' lang='lat' dir='ltr'><strong>uon</strong></span> <span class='ocrx_word' id='word_1_291' title='bbox 1753 4881 1836 4947; x_wconf 80' lang='lat' dir='ltr'><strong>tutet.</strong></span> <span class='ocrx_word' id='word_1_292' title='bbox 1860 4864 1862 4869; x_wconf 40' lang='lat'><strong>¹</strong></span> 
     </span>
    </p>
   </div>
   <div class='ocr_carea' id='block_1_13' title="bbox 0 0 2394 5922">
    <p class='ocr_par' dir='ltr' id='par_1_15' title="bbox 0 0 2394 5922">
     <span class='ocr_line' id='line_1_33' title="bbox 0 0 2394 5922; baseline 0 7"><span class='ocrx_word' id='word_1_293' title='bbox 0 0 2394 5922; x_wconf 95' lang='lat' dir='ltr'><strong> </strong></span> 
     </span>
    </p>
   </div>
  </div>
 </body>
</html>
