4800 5942
1021 765 1416 867 443--

1074 1036 1296 1174 Cllfflb'
1349 1113 1354 1132 -

400 1235 782 1403 mammaeae,
807 1325 967 1396 m
991 1306 1145 1397 uss
1170 1311 1222 1398 n
1247 1309 1321 1398 an
1347 1315 1548 1403 menon
1571 1318 1912 1416 sesenna.

344 1505 617 1587 caelum
635 1507 711 1586 tex:
726 1507 872 1584 rotenia
885 1509 926 1592 tte
937 1509 1159 1590 mutam
1176 1513 1343 1591 mesu
1358 1514 1442 1590 tntu
1453 1516 1766 1596 mannassen
1785 1519 1973 1604 Oenonen

643 1609 1456 1706 utamnnrenturunssotutaeeopusauaunn
1469 1616 1675 1706 temnite).

444 1831 653 1924 Cazimbus
679 1830 741 1920 dei
767 1835 901 1952 grania
929 1833 1019 1927 Rex
1049 1836 1228 1940 Palania,
1257 1837 1427 1958 Magnus
1456 1841 1544 1930 Dux
1573 1840 1787 1949 lithuanie,
1818 1842 1972 1952 Bassia,

342 1950 574 2066 Prussieque
601 1950 775 2041 daminus
796 1951 965 2042 atheran
986 1967 1058 2044 ete.
1108 1954 1380 2075 Significamus
1401 1973 1531 2050 tenore
1552 1963 1808 2076 presencium,
1840 1962 1974 2080 quibus

342 2063 492 2185 expedit
519 2069 724 2158 uniuersis:
752 2069 982 2183 ‘Quomodo
1014 2074 1177 2190 querelis
1203 2075 1490 2168 deatliaatarunr
1519 2079 1704 2196 virginum
1724 2079 1917 2172 abbatisse
1937 2093 1976 2168 et

341 2185 555 2276 monialium
576 2203 785 2281 conuentus
806 2189 953 2306 aennbij
976 2190 1018 2282 in'
1036 2195 1201 2293 otnant,
1232 2209 1517 2306 auresnustras
1539 2197 1684 2284 taciens
1704 2197 1975 2292 solicitantibue
1997 2248 2004 2262 ι

337 2305 512 2422 permutj,
530 2333 650 2423 super
669 2306 950 2422 gravaminibus
970 2335 1101 2400 aarum
1121 2324 1158 2398 et
1177 2312 1358 2428 angarijs,
1384 2309 1520 2434 quibus
1538 2313 1762 2404 Generosus
1782 2313 1973 2430 Bnliazslrj

339 2425 444 2514 bona
473 2425 690 2541 manasterij
721 2425 887 2541 ipsarum
916 2423 1130 2520 luaauuiose
1158 2428 1312 2519 turbare
1339 2432 1554 2533 consueuit,
1586 2460 1716 2526 eurtum
1747 2431 1844 2542 (sin)
1873 2447 1974 2534 trarr·

344 2541 494 2657 quilitati
510 2539 776 2628 eonsulentes:
806 2555 848 2626 ut
866 2541 915 2626 ab
937 2540 1009 2658 hijs
1028 2545 1378 2658 perturbaninnibus
1404 2545 1639 2632 secularibus
1668 2547 1843 2651 liberata,
1872 2561 1976 2643 terete

342 2657 545 2746 ferventius
575 2657 700 2746 divium
730 2655 1047 2775 administraeianj
1079 2659 1333 2750 intenderent:
1368 2661 1466 2750 bane
1494 2661 1774 2755 ordinacionem
1806 2665 1861 2750 eis
1892 2693 1977 2750 curn
2017 2702 2026 2713 1

343 2779 427 2892 ipso
459 2775 643 2864 tenutariu
663 2775 818 2884 lenimus
840 2789 876 2863 et
897 2774 1131 2868 ordinamus:
1160 2777 1323 2868 amedu
1344 2793 1382 2868 et
1399 2808 1469 2895 per
1490 2780 1649 2896 amplius
1670 2781 1978 2898 ipsetenutarius

342 2895 446 2982 bnna
467 2921 597 2982 eurum
619 2893 702 3004 (siu)
724 2922 800 2982 non
818 2893 963 2997 turbet,
992 2908 1178 3013 prataque
1192 2897 1365 3014 ,ipsarum
1387 2895 1470 3008 (sie)
1495 2926 1571 2986 nnn
1593 2910 1789 3013 occupet„
1805 2897 1978 2988 beminen
2055 2977 2062 2988 .

336 3025 383 3097 et
401 3009 548 3098 insulas
568 3038 700 3098 wum
720 3008 770 3096 ad
790 3011 1160 3117 insolutaslabures,
1181 3027 1421 3128 preterquam
1441 3013 1492 3102 ad
1512 3045 1663 3118 nauem
1684 3015 1767 3114 dies
1781 3013 1976 3132 astringere

337 3126 394 3216 ¹da
410 3141 537 3215 uetera
552 3139 676 3244 nequa
690 3127 837 3243 aliquas
853 3128 1095 3216 inunnaueta's
1108 3127 1252 3236 danim
1272 3147 1313 3218 nt
1327 3146 1415 3248 pata
1430 3130 1775 3249 inanipularislsint
1795 3129 1844 3222 da
1859 3129 1977 3232 laneis

204 3243 206 3254 ⁴
335 3244 505 3336 ,desertis
535 3271 584 3334 ex
612 3245 668 3333 eis
692 3257 858 3362 repetat;
889 3244 1062 3338 homines
1092 3274 1222 3336 aarum
1253 3247 1446 3337 libertatus
1468 3247 1755 3348 ad.nustudiam
1777 3249 1890 3352 castri
1900 3315 1913 3353 „
1937 3261 1978 3350 et
2052 3301 2056 3311 ι

179 3457 181 3467 ,
345 3364 579 3480 empeianem
597 3362 819 3454 balistarum
838 3362 1105 3456 iniustumnon
1126 3365 1391 3483 mtr‘urgendn,
1418 3367 1593 3458 nisinun
1615 3365 1767 3465 notabili
1788 3365 1870 3475 (siu)
1892 3395 1977 3468 sun
2026 3377 2030 3386 '

335 3482 446 3597 pinio
457 3476 650 3572 hostilitati
665 3481 750 3594 (siu)
764 3481 890 3570 terea
909 3497 1149 3601 preterquam
1166 3483 1240 3599 ipsi
1260 3483 1366 3578 liberi
1386 3483 1499 3574 umis
1519 3497 1559 3572 et
1573 3483 1717 3576 balistis
1736 3485 1774 3574 in
1792 3482 1977 3602 donans,

345 3598 415 3686 nisi
444 3600 676 3688 necessitate
697 3599 779 3711 (sie)
809 3613 1035 3706 eemrsnre,
1052 3614 1195 3718 presto
1224 3609 1314 3692 e'ssa
1333 3616 1496 3718 pessunt
1515 3629 1587 3719 pra
1606 3602 1723 3717 ipsius
1746 3600 1864 3710 castri
1884 3627 1977 3686 ean-

269 3773 272 3780 ,
345 3715 583 3807 seruaainna.
611 3714 747 3832 Etprn
763 3730 869 3810 tante
883 3717 946 3806 tibi
967 3717 1299 3835 Generosa-Paul]¹
1313 3713 1608 3835 (stetltatiazstj
1626 3719 1822 3824 snut-ria,
1839 3732 1879 3814 et
1894 3714 1978 3832 alijs

336 3833 424 3968 pru'
442 3848 611 3952 tempore
628 3836 667 3924 in
685 3841 986 3950 Bnlpeslawpeez
1007 3837 1251 3930 existentibus
1271 3835 1493 3932 mandamus
1504 3891 1522 3942 .·
1533 3851 1731 3956 ’ᾳυᾶῑεηιιε
1751 3859 1820 3924 aas
1844 3837 1877 3936 [t
1894 3832 1978 3927 veel

346 3963 446 4038 iuxta
468 3967 682 4069 presentem
704 3953 1171 4063 ardinaninnemnnstnam
1186 3969 1231 4046 at
1247 3953 1675 4061 deuretumnileurum
1694 3951 1978 4050 cannuensis

238 4131 242 4136 -
346 4081 491 4174 tentare
507 4072 809 4185 presumat‘(sie),
829 4073 865 4158 in
888 4104 963 4190 quo
984 4074 1064 4160 iura
1086 4088 1124 4161 et
1142 4073 1335 4162 libertates
1355 4104 1483 4161 aarum
1499 4071 1573 4158 ledi
1589 4084 1746 4190 possent
1766 4084 1801 4156 at
1817 4068 1976 4184 infringi.

346 4182 514 4290 Harum,
547 4188 681 4302 quibus
702 4190 862 4305 sigillum
885 4203 1063 4277 nostrum.
1083 4191 1323 4306 presentibus
1342 4205 1401 4277 ast
1416 4189 1752 4304 stanpensem,-
1767 4185 1977 4280 tastimoniu
2095 4183 2097 4197 '

347 4301 544 4391 literarum.
595 4302 733 4389 Datum
764 4305 800 4388 in
832 4304 1102 4392 Conveneinna
1132 4312 1424 4405 Pa'otrlmvienri,
1455 4306 1546 4390 feria
1579 4305 1705 4426 quinta
1736 4315 1825 4420 pust
1843 4305 1992 4390 testum·

262 4491 264 4494 -
347 4435 479 4509 saneta
499 4417 634 4526 Lucia,
661 4449 762 4508 anno
783 4419 920 4506 donini
941 4419 1135 4508 millesimo
1155 4422 1527 4628 quadringentesimo
1549 4423 1809 4557 octuagesimo
1831 4433 1975 4538 quarto.

347 4535 509 4625 Relaeia
529 4536 767 4627 Venerabilis
789 4536 935 4625 Creslai
956 4536 1005 4624 de
1029 4537 1284 4650 ceromata,
1344 4539 1419 4628 .P.
1439 4537 1673 4655 Cancellarij.

450 4785 491 4870 (¹)
517 4785 544 4853 E
559 4785 637 4853 libra
651 4787 782 4876 Matrica
796 4787 894 4877 Regni
909 4787 992 4855 disto
1006 4787 1062 4856 ppo
1076 4785 1188 4856 xxm.
1203 4808 1232 4873 p.
1245 4787 1318 4855 ata
