4778 5952
826 761 1409 834 '—uat-·

300 988 411 1075 quam
442 964 573 1051 suturis
596 962 844 1081 ‘presencium
881 963 1052 1049 noticiam
1089 961 1287 1048 habituris:
1335 957 1453 1074 Quod
1489 975 1612 1046 mente
1647 961 1810 1076 gratuita
1846 992 1932 1079 per-

299 1079 508 1198 pendentes
544 1081 648 1167 clare
678 1079 764 1165 odei
794 1081 1071 1184 constanciam,
1108 1109 1155 1166 ao
1189 1095 1301 1195 grata
1332 1077 1494 1164 bdelium
1527 1078 1770 1164 serviciorum
1801 1084 1934 1170 merita

300 1199 434 1284 civium
476 1213 513 1285 et
551 1192 757 1284 incolarum
798 1211 927 1283 nostra
969 1198 1126 1285 civitatis
1166 1200 1465 1296 Kozrmiriensis,
1517 1211 1732 1282 nostrorum
1771 1195 1933 1288 bdelium

241 1333 245 1343 “
299 1313 540 1420 dilectorum,
572 1314 705 1430 quibus
726 1312 837 1430 ijdem
868 1311 1103 1404 Maiestatem
1136 1313 1499 1435 nostram'venerati
1532 1327 1634 1415 sunt,
1667 1343 1738 1415 nep
1759 1311 1933 1404 desinunt

299 1427 474 1519 continue
501 1433 696 1549 uenerarj,
727 1457 885 1544 quorum
915 1432 1043 1518 intuitu
1068 1433 1235 1549 prelatos
1248 1433 1367 1520 ¹'ciues
1399 1446 1442 1518 et·
1459 1429 1603 1516 incolas
1633 1432 1931 1539 Kommtiienses,

299 1551 474 1666 specialis
494 1552 637 1668 ,gracia
666 1550 910 1669 prerogativa
937 1549 1046 1637 letari
1077 1551 1248 1638 volentes
1280 1562 1319 1634 et
1338 1549 1477 1666 pertrui
1497 1548 1666 1666 ampliorj
1679 1586 1688 1654 ;
1721 1551 1931 1665 cupientes·
2084 1577 2088 1586 ·

298 1691 371 1778 que
395 1667 552 1755 civitatis
573 1684 702 1756 nostra
723 1667 1192 1785 Koztbo‘rienstspredicte
1213 1665 1471 1757 condicionem
1493 1677 1539 1752 e'x
1562 1696 1609 1753 eo
1629 1667 1708 1780 lierj
1731 1668 1932 1778 meliorem,

299 1785 390 1902 ipsis
411 1785 555 1872 civibus
577 1799 614 1871 et
628 1783 761 1887 incolis
780 1791 1118 1886 Kczrinrrieosttos,
1141 1784 1189 1870 de
1205 1799 1337 1872 nostre
1351 1784 1562 1901 Majestatis
1579 1784 1687 1870 solita
1702 1785 1933 1904 benignitate

298 1901 529 2006 indulsimus,
542 1918 580 1990 et
594 1919 723 2004 tenore
738 1904 972 2020 presencium
985 1903 1234 2022 indulgemus,
1248 1931 1336 2017 ymo
1349 1902 1483 1989 damus
1496 1903 1769 1993 etconlerimus
1782 1905 1932 2022 plenam

218 2065 220 2070 ·
291 2034 336 2110 ,et
355 2019 606 2110 omnimodam
628 2020 858 2126 facultatem,
887 2051 1061 2108 cameras
1082 2051 1291 2137 pannorum
1311 2021 1441 2140 viginti
1462 2023 1623 2133 quinque
1646 2022 1680 2106 in
1703 2021 1870 2128 numero,
1894 2026 1931 2114 io

298 2135 399 2226 dicta
420 2138 566 2228 civitate
587 2153 716 2225 nostra
737 2145 1016 2241 Karneates,
1050 2138 1098 2226 de
1119 2168 1234 2225 nowo
1255 2138 1418 2242 locandi,
1449 2135 1657 2241 edificandi,
1689 2142 1932 2231 construendi

299 2267 337 2342 ot
356 2255 499 2344 oriendi
522 2257 615 2366 (sic),
636 2257 673 2341 in
694 2285 742 2346 eo
758 2257 839 2344 iure
860 2271 899 2342 et
914 2255 1197 2360 consuetudine,
1218 2255 1354 2367 quibus
1375 2285 1526 2342 camere
1542 2284 1750 2372 pannorum
1773 2247 1931 2350 ciuitatis

298 2387 427 2460 nostre
451 2373 718 2462 Craoovieasis
739 2387 827 2460 sunt
847 2373 981 2478 locate,
1003 2373 1176 2460 edilioate
1197 2389 1234 2458 et
1249 2388 1396 2479 erecte3
1417 2375 1480 2477 ita,
1502 2385 1542 2458 ut
1562 2402 1709 2458 exnunc
1730 2404 1778 2462 ao
1798 2405 1930 2493 perpe·
2060 2405 2062 2414 ’

298 2491 370 2579 tuis
391 2491 631 2608 temporibus,
659 2520 810 2576 camere
829 2500 1038 2606 'pannorum
1059 2492 1095 2576 in
1115 2497 1344 2590 Kozeiniria,
1376 2491 1516 2577 iuribus
1537 2503 1576 2574 et
1596 2494 1930 2584 consuetudinibus

298 2606 440 2694 eisdem
476 2608 644 2697 lroaotur
680 2623 718 2694 et
751 2605 966 2726 gaudeant,
1006 2607 1140 2718 quibus
1175 2636 1326 2694 canere
1361 2636 1571 2724 pannorum
1607 2608 1764 2695 civitatis
1801 2625 1931 2702 nostre

299 2725 566 2814 Cracovieosis
596 2723 769 2843 gaudent
798 2740 835 2812 ot
862 2725 1041 2814 fruuntur.
1092 2724 1275 2816 Preterea
1306 2724 1409 2812 cives
1440 2737 1478 2810 et
1503 2722 1626 2810 incole
1654 2723 1755 2811 dicte
1773 2727 1932 2818 civitatis

297 2856 428 2935 nostre
448 2849 729 2928 Kczrinirt‘enst's
750 2843 1019 2962 quinquaginta
1040 2872 1189 2952 marcas
1210 2867 1434 2960 grossorum
1450 2842 1694 2960 pragensium
1709 2844 1932 2960 polonioalis

297 2961 458 3065 numeri,
489 2962 644 3046 racione
672 2962 785 3047 annui
814 2990 954 3046 census
984 2960 1033 3046 de
1062 2960 1170 3046 dictis
1198 2961 1328 3078 viginti
1354 2961 1517 3072 quinque
1538 2962 1698 3056 cameris
1718 2989 1928 3076 pannorum
1959 3048 1964 3056 ,

295 3075 568 3195 predictorum,
598 3077 706 3162 annis
736 3075 894 3194 singulis
924 3079 1115 3193 perpetuis
1144 3078 1396 3194 temporibus,
1428 3077 1538 3164 nobis
1571 3088 1608 3172 et
1639 3079 1927 3171 successoribus

295 3193 454 3300 nostrin,
477 3192 571 3280 dare
592 3207 630 3279 et
648 3191 797 3279 solvere
817 3193 890 3278 sint
910 3195 1061 3281 astricti.
1101 3193 1260 3300 Harum,
1281 3195 1416 3303 quibus
1436 3193 1597 3312 sigillum
1617 3205 1785 3280 nostrum
1808 3199 1929 3315 majus

296 3341 505 3430 appensum
527 3325 599 3413 est,
619 3311 828 3398 testimonio
850 3307 1051 3398 literarum.
1073 3315 1083 3336 ⁸
1102 3311 1239 3398 Actum
1268 3314 1462 3412 θναοουίε,
1492 3309 1634 3397 Sabata
1656 3311 1749 3424 inira
1770 3332 1929 3402 octavas

295 3429 583 3546 Assumpcionis
605 3419 746 3516 Sancta
766 3426 888 3515 Mario
908 3429 1065 3546 virginis
1084 3428 1265 3546 gloriose,
1284 3457 1385 3514 anno
1406 3426 1545 3516 domini
1567 3429 1758 3514 millesimo
1779 3444 1927 3517 trecen·

294 3547 427 3644 tesimo
463 3546 701 3664 octogesimo
731 3571 844 3632 nono.
895 3542 1141 3632 Presentibus
1171 3545 1261 3660 hijs:
1296 3543 1510 3632 reuerendo
1545 3544 1582 3628 in
1620 3545 1771 3632 Christo
1807 3562 1949 3662 patre,-

295 3661 447 3750 domino
458 3661 728 3779 'Dobrogostio
744 3661 939 3780 Episcopo
956 3662 1221 3768 Poznaniensi,
1242 3659 1711 3780 SpitblroneCracoviensi
1727 3662 1925 3767 Pellatino,

170 3843 174 3856 ·
294 3781 409 3868 Petro
430 3779 595 3896 Kmytlre
616 3777 698 3890 (sic)
720 3777 935 3869 Castellano
954 3776 1182 3885 Lublinen'si,
1207 3779 1368 3866 Cristino
1386 3777 1434 3866 de
1453 3784 1608 3866 Ostrow.
1622 3778 1791 3900 Megisto
1812 3781 1925 3868 Curia

293 3913 443 4004 nostre,
473 3895 591 3985 Petro
622 3896 879 4003 Kozeosensi,
911 3898 1081 3986 Dimitrio
1113 3894 1422 3988 Vicetezaurario
1443 3910 1594 4005 nostro,
1625 3898 1784 4007 aliisque
1801 3899 1926 3986 multis

293 4015 434 4114 nostris
451 4004 643 4103 'fidelibus
682 4015 758 4105 lide
793 4015 929 4135 dignis.
991 4015 1127 4102 Datum
1168 4045 1237 4134 per
1277 4045 1411 4104 manus
1451 4014 1681 4103 honorabilis
1721 4013 1924 4132 Zaklijoze,

293 4132 483 4248 Propositi
503 4131 830 4240 Sandomiriensis,
851 4135 936 4222 aule
956 4148 1083 4222 nostre
1104 4134 1336 4242 Cancellarii,
1357 4131 1479 4222 fidelis
1500 4131 1636 4218 dilecti.

1984 2883 2029 2993 s

1969 2997 1984 3036 Ι
