4788 5926
923 759 1317 876 '-sa-,

352 973 403 1062 Et
424 978 509 1095 quia
530 977 629 1060 lacta
650 975 859 1061 mortalium
881 973 1080 1060 laudabilia
1101 975 1314 1091 frequenter
1336 977 1531 1064 oblivionis
1553 977 1696 1064 interito
1717 977 1766 1064 ab
1792 976 1979 1081 bominum
2108 1059 2112 1064 .

353 1099 533 1184 memoria
553 1097 809 1211 sejunguntur,
850 1094 899 1180 ob
934 1093 1008 1180 boo
1040 1093 1197 1208 provida
1233 1111 1269 1179 et
1306 1094 1545 1180 racionabilis
1575 1095 1786 1210 sapientum
1814 1095 1981 1186 decrevit

353 1218 575 1316 auctoritas,
615 1225 656 1296 ut
675 1212 851 1330 quicquid
882 1225 972 1326 aput
995 1210 1166 1298 homines
1191 1213 1318 1329 agitur
1337 1212 1491 1332 dignum
1514 1215 1652 1297 noticia
1672 1215 1752 1299 sive
1774 1212 1902 1313 laude,
1944 1211 1983 1300 id

352 1339 475 1450 ipsum
491 1332 628 1418 debeat
643 1333 910 1446 autenticarum
927 1330 1025 1414 serie
1042 1329 1242 1414 litterarum
1260 1344 1496 1446 posterorum
1509 1331 1691 1435 memorie
1713 1330 1979 1417 commendari.

354 1453 549 1567 Quocirca
571 1479 642 1536 nos
659 1448 819 1534 Promisi
855 1449 916 1534 dei
947 1447 1077 1565 gracia
1100 1446 1187 1532 Dux
1207 1447 1365 1533 Polonie
1388 1449 1487 1533 scire
1509 1447 1641 1534 damus
1663 1475 1710 1533 ac
1730 1464 1981 1563 protestamur

353 1570 543 1672 omnibus,
564 1583 639 1653 tam
655 1566 891 1683 presentibus
912 1593 1024 1676 quam
1039 1567 1170 1650 suturis
1186 1581 1400 1681 presentem
1422 1568 1600 1682 paginam
1622 1568 1856 1680 inspecturis
1877 1567 1979 1678 qood

352 1689 526 1776 dominus
558 1685 768 1802 Woyslaus
811 1685 941 1770 Abbas
981 1687 1212 1767 Lubebiensa's
1243 1684 1406 1786 cenobii,
1448 1714 1533 1770 cum
1574 1686 1759 1770 communi
1790 1713 1980 1772 consensu

352 1810 506 1893 lratrum
528 1832 700 1906 suorum,
750 1800 799 1886 de
820 1803 920 1889 bon'a
945 1803 1136 1914 voluntate
1157 1832 1204 1887 ac
1229 1799 1345 1886 libera
1368 1801 1606 1906 condicione,
1654 1799 1830 1912 quamdiu
1873 1805 1905 1888 ei
1947 1819 1983 1888 et

213 1933 219 1948 ‘
353 1924 526 2010 iratribus
548 1923 626 2008 suis
647 1919 847 2037 placuerit,
887 1919 937 2006 ad
959 1933 1127 2006 nostram
1148 1921 1367 2005 instanciam
1378 1919 1609 2006 lramerariis
1630 1919 1768 2006 nostris
1790 1919 1838 2004 de
1873 1927 1981 2006 Dum·
2054 1917 2073 1974 ”

354 2051 434 2129 br'ze
450 2037 512 2152 (2),
544 2040 685 2125 scilicet
705 2036 861 2126 Nerado
883 2054 920 2124 et
940 2037 1135 2142 Bratonio,
1162 2039 1353 2125 concessit
1373 2069 1481 2124 usum
1503 2067 1684 2124 exercere
1706 2037 1875 2154 piscandi
1898 2037 1981 2124 cuin
2066 2043 2072 2054 '

352 2164 421 2249 reti
442 2157 612 2276 parvulo,
669 2155 769 2268 quod
791 2156 998 2274 vulgariter
1029 2163 1289 2268 potrestm'cbc
1330 2157 1574 2261 nominatum·
1599 2151 1678 2241 'non
1718 2170 1905 2266 tamquam
1928 2158 1982 2242 eis
2059 2179 2085 2247 ι’

352 2276 504 2390 aliquod
520 2279 584 2392 jus
605 2273 938 2382 bereditariumibi
958 2271 1199 2378 habentibus,
1242 2289 1299 2360 set
1320 2273 1495 2386 quicquid
1522 2273 1570 2356 de
1595 2269 1728 2392 gracia
1748 2274 1829 2359 lieri
1849 2290 1982 2390 potest,

352 2426 422 2513 pro
443 2408 629 2508 ternpore,
666 2405 702 2476 et
723 2420 797 2477 non
819 2391 856 2476 in
878 2391 976 2475 omni
995 2391 1214 2505 superlicio,
1250 2406 1309 2476 set
1329 2401 1469 2474 tantum
1484 2419 1606 2504 prope
1622 2389 1706 2474 litus
1727 2391 1761 2474 in
1784 2389 1868 2476 lacu
1888 2391 1983 2476 illius

351 2505 454 2617 ville,
497 2535 569 2619 que
591 2503 1039 2609 diciturorosozsrutb,
1075 2532 1149 2617 que
1171 2508 1290 2592 eciam
1331 2537 1415 2590 cum
1458 2503 1592 2590 eodem
1614 2505 1699 2590 lacu
1740 2519 1777 2590 et
1812 2505 1983 2592 omnibus

352 2628 564 2718 utilitatibus
581 2625 628 2710 ibi
644 2622 964 2742 provenientibus
985 2621 1034 2708 ad
1047 2625 1312 2710 monasterium
1324 2621 1579 2736 supradictum
1591 2623 1748 2736 pertinet
1761 2654 1807 2710 ex
1823 2623 1981 2740 integro.

221 2733 234 2760 ³
352 2748 512 2864 lnsuper
532 2773 602 2830 nos
624 2757 876 2859 protestamur
898 2756 935 2825 et
954 2741 1146 2847 volumus,
1178 2772 1226 2826 ne
1256 2767 1342 2826 sors
1373 2740 1453 2843 illa,
1480 2765 1553 2848 que
1578 2739 1788 2855 appellatur
1806 2747 1984 2828 Mallote·

352 2872 426 2951 vici
444 2861 523 2974 (⁴),
563 2863 710 2977 penitus
732 2861 767 2944 in
789 2856 1007 2975 supradicto
1029 2857 1113 2944 lacu
1146 2858 1219 2944 ullo
1245 2858 1332 2972 jure
1352 2856 1414 2942 vel
1433 2853 1588 2943 utilitate
1607 2855 1777 2976 gaudeat
1795 2875 1982 2945 assecuta.
2080 2893 2082 2901 ⁴

354 2984 456 3095 Sane
478 2981 596 3066 eciam
618 2978 845 3093 precipimus
888 2990 925 3060 et
965 2978 1211 3092 perpetimus,
1271 2991 1391 3061 ratum
1429 2975 1544 3060 teneri
1585 2975 1712 3060 stricte
1751 2963 1984 3078 mandamus,

353 3113 483 3186 nostre
505 3099 945 3216 gracieuostrorumque
968 3123 1234 3182 successorum
1257 3093 1328 3178 sub
1351 3077 1521 3197 obtentu,
1558 3092 1983 3203 omnibusquccircum·
2117 3139 2125 3156 ,

353 3243 502 3328 quaque
524 3213 742 3301 sedentibus
764 3215 942 3329 precipue
963 3241 1078 3328 supra
1100 3211 1187 3297 dicti
1207 3210 1390 3298 Dambize
1431 3225 1466 3296 et
1501 3207 1744 3298 lllotbolevici
1768 3214 1983 3317 atterminis,

353 3335 448 3420 illius
470 3335 576 3420 lacus
597 3333 660 3442 qui
680 3346 840 3418 vocatur
864 3335 1070 3416 Gelenzeoo
1092 3326 1155 3433 (⁵),
1192 3318 1312 3441 usqu'e
1333 3326 1383 3412 ad
1404 3357 1582 3445 magnum
1604 3328 1725 3414 lacum
1748 3345 1784 3414 et
1804 3330 1914 3414 aliurn
1936 3329 1985 3414 de

357 3458 499 3564 Cyclcu
523 3447 585 3558 (θ),
627 3479 675 3534 ne
696 3449 878 3566 quispiam
920 3449 956 3530 in
993 3447 1150 3533 eosdem
1174 3449 1352 3531 terminos
1372 3475 1491 3562 penes
1513 3460 1709 3556 utrumque
1731 3445 1813 3531 litus
1834 3477 1985 3532 sursum
2014 3495 2022 3508 ·

354 3573 435 3667 sive
458 3567 633 3653 deorsum
665 3565 790 3677 aliquo
820 3567 941 3651 fructu
972 3562 1032 3648 vel
1064 3562 1255 3674 quomodo
1278 3561 1347 3648 sibi
1369 3559 1636 3671 conquirendo,
1677 3591 1825 3647 manum
1847 3563 1986 3650 audeat

354 3909 496 3987 superest·
508 3901 631 3966 sericus.
660 3899 707 3965 De
723 3908 901 3984 argumento
916 3897 1006 3984 hujus
1023 3899 1142 3965 tabulae
1155 3899 1291 3984 locisque
1303 3898 1333 3963 in
1346 3897 1453 3964 eadem
1466 3899 1720 3976 commemoratis,
1736 3897 1841 3965 confer
1852 3896 1983 3983 privileg.

355 3987 532 4054 Praemislai
548 3988 575 4050 ll
592 4007 639 4050 au.
658 3985 739 4050 root
754 3987 784 4048 in
800 3985 905 4050 codice
920 3985 1043 4068 diplom.
1058 3983 1281 4069 Raczyrisciano
1296 4003 1326 4069 p.
1342 3983 1392 4048 ἢ

456 4072 496 4154 (²)
525 4070 599 4136 Veri
616 4069 800 4134 simillimum
816 4077 880 4144 est,
903 4067 952 4132 bic
967 4069 1005 4134 de
1020 4069 1087 4133 villa
1103 4068 1241 4132 Danbiec
1261 4069 1303 4132 M.
1319 4069 1456 4134 Donatus
1470 4068 1683 4132 Posnanieusis
1699 4065 1860 4147 parochiae
1874 4067 1984 4151 Gryzy·

355 4154 467 4231 nensis,
481 4155 614 4238 regionis
631 4151 835 4228 Costanensis,
851 4153 997 4216 territorii
1011 4152 1225 4218 Posuaniensis
1241 4154 1301 4237 agi:
1321 4171 1399 4236 quae
1416 4153 1444 4216 in
1462 4151 1636 4236 propinquo
1651 4149 1790 4214 coenobii
1807 4151 1984 4216 Lubineusis

355 4241 393 4305 ad
410 4240 509 4304 lacum
524 4237 736 4321 Vojnicensem
752 4239 808 4302 sita
824 4245 878 4302 est
1533 4311 1536 4318 ἱ

457 4322 497 4404 (³)
526 4321 687 4388 Motn'szki
700 4339 794 4406 pagus
810 4319 971 4405 parochiae
992 4319 1188 4398 Lubinensis,
1214 4319 1350 4404 ejusdem
1375 4317 1570 4384 Costaneusis
1592 4317 1743 4403 regionis,
1765 4318 1803 4385 ad
1818 4319 1915 4386 lacum
1932 4319 1983 4404 qui

354 4405 448 4473 bodio
464 4405 646 4480 Morleusis,
663 4405 761 4470 arilia
777 4405 895 4479 Morka,
911 4403 1031 4469 dicitur.

457 4490 497 4574 (⁴)
526 4489 709 4556 Motolewr'ce
725 4499 777 4554 aut
793 4490 957 4563 Motolewu
980 4489 1042 4554 sive
1059 4509 1093 4552 ea
1111 4487 1176 4552 villa
1192 4487 1239 4562 sit,
1262 4487 1324 4551 sive
1339 4484 1498 4572 praedium
1514 4485 1551 4550 od
1567 4488 1646 4551 bona
1662 4488 1808 4553 Dembiec
1823 4487 1985 4570 pertinens,

355 4595 435 4640 nunc
451 4595 550 4671 neque
562 4576 595 4672 'iu
612 4575 709 4638 indice
724 4575 861 4672 locorum
876 4575 920 4638 Μ.
935 4573 1070 4636 [iocatus
1084 4571 1308 4646 Posnaniensis,
1331 4591 1432 4656 nequo
1447 4571 1477 4635 in
1493 4571 1595 4636 tabula
1614 4572 1815 4657 geographica
1830 4571 1984 4650 territorii,

353 4659 892 4840 uuum(iiitlilibizmeuidriidibcbiac
914 4741 1146 4840 Rombinensis,
1176 4738 1310 4839 regionis
1331 4739 1498 4807 Sromensis
1519 4740 1586 4806 vitta
1609 4747 1664 4804 est·
1679 4740 1708 4801 in
1729 4738 1816 4802 litore
1837 4739 1984 4825 praedicti

357 4827 530 4894 mortens·
544 4828 637 4906 lacus,
654 4847 714 4913 qur,
729 4837 764 4893 ut
778 4849 816 4891 ex
831 4826 890 4891 boc
905 4827 1060 4911 prrutegro
1075 4834 1209 4910 apparet,
1223 4827 1294 4890 olum
1309 4827 1502 4891 tolenezewo
1517 4823 1731 4910 appellabatur.

456 4911 495 4996 (ὅ)
525 4911 669 4990 o'ctouo,
681 4913 747 4977 villa
758 4912 919 4996 parochiae
931 4911 1113 4989 Dolucensis,
1125 4911 1256 4996 regionis
1266 4909 1472 4988 Costauensis,
1488 4910 1525 4974 ad
1538 4911 1645 4986 lacum,
1656 4908 1704 4973 cui
1716 4907 1796 4973 idem
1809 4914 1856 4972 cst
1867 4925 1998 4988 nomen„
