4800 5942
1108 667 1282 744 -ttts
1337 709 1382 722 -

426 879 594 998 prelatus
614 873 764 962 Nathlro
781 886 884 960 esset
899 872 1079 960 remissus
1099 885 1138 958 et
1157 871 1357 991 negligens
1379 873 1415 958 iu
1435 868 1615 990 predictis
1632 868 1786 972 duobus
1806 871 1951 960 milibus
1972 877 2058 986 (sio)

426 1023 636 1084 marcarum
664 991 878 1095 solucione,
909 1002 1045 1076 extunc
1071 991 1331 1106 prenominato
1362 989 1614 1076 Seronissimo
1645 987 1810 1105 Principi
1841 1003 1880 1076 et
1903 990 2055 1081 domino

425 1112 625 1215 Kuzimim,
647 1109 716 1216 dei
727 1109 858 1228 gracia
878 1106 980 1226 Regi
1001 1107 1179 1212 Polonie,
1200 1106 1351 1194 domino
1372 1121 1504 1195 nostro
1523 1107 1830 1226 preciosissimo,
1862 1107 1995 1196 damus
2015 1127 2055 1198 et

425 1229 668 1318 concedimus
688 1225 837 1344 plenam
858 1241 895 1312 et
909 1224 1161 1314 omnimodam
1179 1225 1500 1344 introligacionem
1522 1239 1560 1314 et
1574 1223 1887 1314 intromissionem
1904 1227 1940 1313 io
1954 1227 2055 1316 buna

426 1360 555 1436 nostra
585 1344 830 1448 hereditaria,
861 1344 1087 1460 ubicumque
1107 1343 1380 1447 consistencia,
1411 1343 1511 1430 iuxta
1538 1341 1779 1460 quantitatem
1807 1371 1966 1430 summe.
1982 1375 2057 1432 noo

425 1465 627 1584 persoluto.
690 1463 780 1578 Que
810 1461 910 1550 bona
942 1489 1011 1549 sua
1045 1461 1239 1564 Samnitas
1270 1489 1355 1548 oum
1386 1462 1554 1578 ipsorum
1585 1459 1757 1546 omnibus
1787 1461 1990 1568 fructibus,
2020 1475 2063 1550 et

424 1583 667 1703 prouentibus
687 1609 735 1667 ac
756 1579 933 1667 censibus
953 1577 1092 1665 tamdiu
1113 1577 1331 1694 possidebit,
1352 1577 1476 1666 donec
1496 1577 1663 1695 plenarie
1679 1590 1716 1665 et
1731 1577 1889 1698 integre,
1909 1607 2057 1668 summa

425 1699 708 1818 rpmmodolibet
727 1705 795 1814 per
815 1699 937 1817 ipsum
957 1694 1108 1784 Natblm
1129 1695 1225 1782 solui
1246 1695 1431 1816 neglecta,
1443 1696 1560 1784 'luerit
1580 1694 1730 1782 realiter
1750 1710 1888 1782 etcum
1907 1697 2055 1802 ellectu,

364 1869 371 1876 -
423 1847 496 1937 per
514 1847 597 1923 nos,
618 1816 862 1934 autaliquem
884 1825 1052 1903 nostrum
1073 1815 1197 1902 soluta
1218 1827 1256 1901 et
1276 1815 1473 1932 completo.
1519 1810 1826 1930 Recedimusque
1846 1813 2056 1931 insuperin

424 1935 638 2054 premissis,
670 1934 719 2022 ab
740 1933 911 2020 omnibus
926 1933 1073 2050 juribus
1094 1932 1333 2038 terrestibus,
1364 1931 1593 2049 quenobis,
1668 1928 1762 2018 oad
1782 1929 1870 2036 boc,
1897 1949 2056 2047 possent

425 2053 628 2171 sullragari
659 2065 697 2138 et
716 2049 922 2169 prodesse,
942 2065 979 2137 et
998 2079 1067 2136 sue
1088 2050 1284 2138 seronitati·
1299 2047 1581 2166 quomodolibet
1600 2079 1625 2137 o
1653 2078 1751 2136 esse.
1801 2047 1844 2133 ln
1875 2051 1987 2136 cuius
2000 2051 2055 2136 rei

425 2171 693 2275 testimonium,
724 2167 846 2288 sigilla
878 2181 1007 2255 nostra
1039 2181 1126 2256 sunt
1141 2167 1389 2288 presentibus
1409 2167 1531 2284 subap
1559 2195 1663 2254 ensa
1712 2165 1849 2288 Actum
1860 2180 1908 2262 ,et
1927 2165 2054 2256 datum

348 2285 356 2302 '
427 2291 632 2388 Orocowr'e,
664 2287 755 2374 teria
775 2287 892 2374 tercia
912 2285 1081 2404 proxima
1101 2299 1189 2403 post
1208 2286 1341 2374 testum
1373 2284 1505 2372 Sancti
1530 2196 1714 2372 iohannis
1733 2279 1925 2401 baptiste,
1956 2311 2055 2373 anno

424 2404 560 2493 domini
582 2404 775 2494 millesimo
796 2403 1167 2523 quadringentesimo
1189 2403 1504 2522 quinquagesimo
1524 2400 1705 2491 secundo.

941 2701 943 2708 ’
1094 2713 1389 2832 lleXllllll

595 2950 912 3048 maeoseu,
939 2968 1096 3037 anno
1121 2951 1268 3037 1455
1294 2954 1347 3037 d.
1372 2953 1404 3034 1
1430 2953 1633 3038 mcum
1658 2951 1879 3056 Apustio.

499 3135 618 3210 ttobttts
631 3137 889 3212 lohannes
902 3133 1083 3211 struatur
1097 3135 1137 3209 tto
1156 3136 1308 3217 mamea,
1322 3137 1447 3212 norun
1459 3137 1574 3212 tbttten
1588 3135 1798 3210 Albert·
1813 3138 1980 3226 Verrio

854 3238 1009 3331 opptttano
1023 3238 1225 3330 heduensi
1239 3240 1316 3311 orto
1330 3237 1445 3313 merda
1458 3237 1566 3314 vorot
1580 3241 1633 3325 (¹).

524 3425 568 3513 ln
589 3429 736 3514 nomino
757 3425 912 3532 domini,
933 3459 1054 3516 amen.
1104 3427 1167 3516 nd
1189 3439 1410 3547 perpetuam
1430 3429 1484 3516 rei
1503 3428 1732 3514 memoriam.
1783 3423 1866 3516 Nos
1885 3427 2052 3517 Vincen·
2120 3525 2123 3534 ,

425 3542 575 3632 eiusde
600 3552 788 3659 Beqcnow
812 3547 1040 3665 Capitoneus
1061 3543 1355 3652 Praedecensis,
1377 3545 1634 3666 significamus
1655 3559 1786 3634 tenore
1807 3548 2054 3664 presencium,

426 3661 561 3781 quibus
596 3661 748 3778 expedit
783 3665 987 3770 uniuersis,
1023 3664 1260 3782 presentibus
1296 3679 1333 3752 et
1364 3666 1513 3752 luturis:
1564 3662 1771 3778 Quomodo
1807 3662 1857 3751 ad
1888 3681 2053 3752 nostram

423 3780 657 3896 aliorumque
687 3781 832 3864 testium
861 3781 954 3866 inlra
982 3781 1205 3898 scriptomm
1236 3781 1390 3870 veniens
1417 3784 1653 3899 presenciam
1686 3779 1829 3870 Nobilis
1859 3779 2052 3868 lohannes

423 3895 647 3986 Advocatus
661 3892 710 3981 de
725 3897 907 3996 andeca,
924 3924 999 3982 non
1013 3892 1240 4014 compulsus,
1257 3928 1328 3986 nec
1342 3913 1510 4004 coaetus,
1525 3930 1597 3987 nec
1611 3900 1737 4020 aliquo
1751 3897 1840 3986 dolo
1857 3896 2050 4001 seductus,

423 4043 541 4102 sanus
572 4026 696 4102 mente
726 4013 892 4101 existens
923 4016 1062 4131 pariter
1089 4028 1126 4101 et
1147 4043 1330 4130 corpore,
1360 4015 1565 4106 amicorum
1593 4047 1745 4105 suorum
1775 4014 1915 4105 salubri
1935 4017 2053 4104 lretus

424 4129 592 4235 consilio,
614 4148 733 4219 ortum
755 4131 891 4219 ibidem
914 4133 950 4219 in
974 4135 1149 4222 Clodowo
1167 4133 1277 4220 situm
1298 4149 1335 4220 ct
1355 4132 1517 4222 locatum
1538 4135 1634 4223 inter
1653 4135 1750 4223 alios
1769 4133 1914 4228 uicinos
1936 4131 2053 4236 ortos,

422 4245 607 4342 videlicet:
627 4251 724 4336 inter
744 4250 889 4368 prouidi
910 4249 1086 4340 Stanislai
1107 4249 1193 4339 dicti
1213 4247 1370 4368 Napora
1391 4281 1439 4339 ex
1454 4282 1540 4360 una,
1561 4268 1598 4342 et
1617 4253 1713 4340 inter
1732 4252 1850 4372 ipsius
1869 4251 2052 4339 Jobanois

424 4364 601 4454 advocati
622 4381 728 4482 parte
749 4367 798 4455 ab
818 4366 947 4474 altera,
968 4398 1079 4487 quem
1101 4397 1273 4490 pronunc
1293 4367 1453 4460 Babnelr
1471 4386 1574 4459 tenet
1594 4372 1694 4459 omni
1715 4399 1800 4459 cum
1814 4373 1912 4488 jure,
1933 4364 2052 4454 domi-

424 4485 486 4571 nio
507 4498 544 4571 et
564 4483 791 4601 proprietate
811 4485 896 4589 late,
925 4486 1137 4607 longeque,
1168 4503 1278 4608 prout
1297 4487 1419 4578 dictus
1441 4503 1545 4578 ortus
1566 4489 1662 4577 iuter
1680 4488 1849 4606 prelatos
1870 4501 1975 4576 ortos
1996 4497 2056 4572 est

448 4735 453 4742 ·
524 4695 563 4782 (Ι)
592 4698 640 4765 Ex
655 4698 820 4783 archetypo
834 4699 1066 4770 membranaceo
1088 4701 1144 4772 ppo
1161 4701 1238 4772 1091
1265 4703 1469 4772 Veneriensis
1490 4703 1632 4771 tabularii
1652 4701 1766 4791 publici
1789 4701 1887 4789 Regni
1909 4699 2054 4770 Polooire

425 4780 615 4868 descriptum.
647 4781 784 4866 Sigillum
799 4782 892 4850 deest
1723 4804 1726 4813 ·
