4800 5942
1023 753 1298 826 ..ffl-

336 960 518 1076 recipere,
540 971 577 1042 et
596 954 715 1040 eciam
736 955 903 1070 ipsorum
924 956 1141 1059 servitores,
1161 956 1258 1041 sicut
1276 955 1344 1040 luit
1357 985 1406 1040 ex
1420 956 1572 1066 antiquo
1587 955 1688 1072 apud
1705 958 1977 1062 antecessores
1997 989 1999 1000 “

337 1092 500 1164 nosnos.
541 1072 632 1159 ltem
654 1073 866 1196 quicunque
886 1073 923 1158 in
944 1070 1019 1159 vite
1040 1075 1224 1196 genitoris
1243 1074 1372 1177 nostri,
1393 1074 1663 1191 superioribus
1680 1075 1976 1166 'suisetiueticio

336 1185 628 1282 ministrandum
649 1189 901 1308 postulabant,
922 1190 991 1278 illis
1011 1191 1183 1278 volamus
1204 1205 1241 1277 et
1256 1187 1447 1298 debemus,
1468 1221 1555 1278 cum
1574 1191 1733 1280 dominis
1750 1190 1798 1278 de
1814 1191 1978 1283 consilio:

337 1325 481 1413 nosne,
514 1311 714 1420 equitatem
734 1309 861 1396 lacere
882 1307 1143 1414 omnimodam,
1173 1309 1255 1396 sine
1275 1307 1538 1396 dilaciouibus:
1574 1339 1596 1395 a
1612 1313 1700 1427 jure
1720 1311 1841 1396 eciam
1860 1313 1970 1405 nicbil

337 1429 519 1516 debemus
540 1428 727 1544 accipere.
778 1425 953 1514 Similiter
962 1442 1019 1513 et·
1029 1423 1168 1512 domiui
1188 1428 1388 1544 consiliatij
1409 1429 1545 1532 nostri,
1572 1459 1645 1515 neo
1665 1443 1766 1516 stare
1786 1427 1980 1524 adunam

335 1559 480 1664 partem
501 1573 549 1630 ex
570 1539 721 1652 lavore,
752 1544 823 1630 sed
851 1545 1067 1662 simpliciter
1092 1539 1242 1632 cuilibet
1265 1546 1449 1631 iusticiam
1480 1575 1641 1634 noscere
1668 1545 1868 1650 elicuere,
1898 1577 1979 1634 seu
2020 1555 2025 1562 '
2075 1629 2077 1636 .

335 1664 556 1751 ministrare.
593 1661 686 1751 ltem
707 1665 738 1750 si
760 1662 912 1775 quaudo
934 1663 1144 1772 aliquorum
1164 1689 1283 1748 cause
1302 1691 1446 1780 graves
1467 1689 1582 1779 super
1598 1664 1708 1750 bonis
1723 1663 1968 1784 hereditarijs,

335 1781 395 1867 vel
415 1777 514 1868 lame
534 1807 601 1872 seu
623 1780 779 1866 honoris
799 1780 1068 1897 derogaeioue,
1090 1775 1219 1865 coram
1241 1793 1409 1865 nostram
1430 1782 1665 1884 serenitatem
1684 1783 1766 1890 (sio)
1788 1785 1978 1888 venerint,

336 1899 509 1986 omnibus
541 1899 722 1986 iusticiam
742 1899 870 1984 lacere
891 1897 1084 1983 debemus.
1129 1895 1180 1983 Et
1199 1893 1286 1983 dum
1307 1898 1502 2016 contingat
1522 1929 1593 1986 nos
1614 1913 1775 2016 protunc
1794 1899 1971 2020 negoeijs

335 2015 463 2103 arduis
485 2016 682 2132 occupari:
715 2013 1005 2103 cauds'talibus
1026 2043 1251 2130 perannum
1273 2013 1516 2102 concedimus
1536 2030 1574 2103 et
1594 2013 1789 2103 statuimus
1809 2015 1971 2128 quotuor

334 2135 533 2251 terminos3
565 2145 602 2220 et
621 2135 654 2220 ai
674 2133 710 2220 in
731 2133 871 2251 primo,
903 2127 1093 2237 secundo,
1124 2129 1184 2219 vel
1206 2134 1324 2220 tercio
1344 2135 1502 2220 termino
1533 2135 1569 2219 in
1590 2133 1699 2219 buius
1720 2133 1821 2220 modi
1841 2136 1970 2224 causis

334 2249 420 2341 bnis
441 2264 517 2338 non
537 2253 644 2339 luerit
664 2253 804 2338 lacteus:
826 2251 952 2336 ultimo
972 2249 1217 2356 adveniente,
1239 2247 1589 2337 bnalemiusticiam
1610 2247 1693 2336 sine
1712 2251 1968 2356 diaconibus,

334 2394 419 2455 cum
435 2365 604 2456 'dominis
624 2366 673 2455 de
695 2367 852 2456 consilio
874 2383 1006 2456 nostro
1025 2363 1216 2455 iaciemus.
1264 2363 1355 2454 Item
1387 2397 1412 2454 a
1432 2365 1736 2488 consanguineis
1761 2385 1798 2456 et
1818 2359 1970 2487 propiti-

196 2524 202 2534 ’
334 2485 438 2598 qais,
470 2487 572 2573 bona
602 2485 828 2574 hereditaria
858 2485 1014 2573 alicuius
1043 2513 1117 2571 non
1138 2481 1386 2587 redimemus,
1417 2481 1540 2604 neque
1562 2513 1609 2572 ea
1630 2485 1762 2596 aliquis
1783 2483 1968 2573 redimere

334 2599 457 2690 debet
492 2605 530 2690 in
559 2603 800 2721 preludicium
843 2598 1009 2722 ipsorum
1047 2603 1415 2719 consangvineorum
1449 2603 1509 2689 vel
1545 2601 1857 2719 propinquarunt
1897 2597 1968 2690 sed

334 2721 456 2807 solum
491 2723 585 2824 iste,
621 2722 683 2831 qui
719 2718 964 2836 propinquior
998 2719 1148 2824 extitit,
1169 2719 1346 2834 repositis
1379 2720 1570 2835 pecunijs,
1609 2719 1709 2804 bona
1745 2715 1975 2830 hereditaria*

333 2837 518 2925 obtinebit
545 2853 582 2924 et
608 2837 829 2953 possidebit
879 2836 971 2922 ltum
999 2839 1030 2922 si
1051 2836 1177 2946 aliqua
1198 2837 1307 3038 virffio
1329 2848 1394 2921 aut
1413 2834 1546 2940 vidua,
1578 2835 1736 2921 voluerit
1755 2835 1897 2921 nubere
1917 2835 1968 2922 ad

332 2952 476 3040 alienas
496 2968 625 3068 partes
644 2969 753 3040 extra
781 2954 966 3071 Magnum
996 2951 1182 3038 Ducatum
1202 2951 1245 3036 Li
1288 2954 1395 3038 vania
1417 2967 1507 3056 etc,
1544 2952 1790 3068 expedicione
1810 2981 1858 3037 ac
1878 2950 1968 3037 dote

301 3117 303 3127 ·
332 3083 498 3185 recepte,
520 3069 621 3154 bona
643 3067 869 3154 hereditaria
890 3069 950 3154 bic
969 3069 1165 3178 relinquat,
1186 3066 1237 3154 ad
1258 3093 1379 3178 eaque
1400 3069 1638 3155 intromittere
1654 3098 1698 3154 se
1714 3097 1788 3153 non
1806 3067 1967 3154 debebit.

217 3229 222 3236 ·
333 3185 423 3274 ltem
455 3185 678 3291 novissime:
707 3211 840 3270 ornnes
867 3183 1014 3288 literas,
1046 3182 1258 3301 privilegia,
1289 3185 1443 3301 gracias
1469 3199 1506 3270 et
1527 3185 1772 3269 immunitates
1794 3184 1967 3301 ecclesijs

333 3302 629 3406 cathedralibus,
661 3301 890 3420 collegiatis,
914 3298 1242 3412 conventualibus,
1264 3315 1300 3386 et
1321 3299 1617 3417 parochialibus,
1636 3300 1808 3417 prelatis,
1831 3303 1966 3419 prinoi-

362 3420 462 3523 ibus,
502 3417 726 3523 baronibus,
761 3415 965 3523 nobilibus,
1001 3414 1173 3533 boyaris,
1213 3432 1250 3503 et
1280 3415 1422 3506 civibus
1456 3417 1633 3504 interris
1670 3413 1967 3537 Magniducatus

218 3597 222 3604 -
370 3536 548 3643 'tbvanie,
578 3536 721 3626 Russie
752 3551 789 3625 et
819 3534 1051 3655 Setucgitbie
1073 3534 1234 3637 nostris,
1263 3535 1334 3622 sub
1356 3533 1652 3646 quibuscumque
1672 3535 1966 3640 condicionibus,

332 3654 501 3756 statutis,
522 3655 690 3771 punctis,
711 3653 894 3757 articulis,
917 3682 984 3741 seu
1006 3653 1228 3770 sentenciis,
1249 3681 1318 3768 per
1338 3651 1613 3740 Serenissimus
1634 3667 1670 3740 et
1691 3651 1966 3741 lllustrissimos

332 3770 419 3857 olim
440 3768 614 3858 dominus
635 3764 873 3872 Vituwdum,
894 3769 1187 3890 Sigismundum,
1208 3768 1360 3888 Regem
1380 3767 1632 3857 Wladislaum
1655 3787 1821 3858 nostrum
1842 3799 1964 3874 avum,

332 3901 370 3978 at
399 3888 683 4006 progenitorem
713 3887 883 3977 nostrum
907 3888 1143 3998 carissimum
1172 3886 1334 4006 Regem¹
1356 3886 1607 3991 Kazirnirum,
1636 3885 1805 4021 Magnos
1836 3887 1988 3974 [luces¹

331 4003 544 4103 Litbvanie,
581 4021 848 4096 antecessores
880 4021 1055 4110 nestros,
1090 4004 1201 4094 datas
1221 4017 1259 4092 et
1277 4033 1507 4109 concessas,
1543 4006 1752 4122 patrocimo
1778 4005 1969 4120 presentis

332 4123 451 4210 nostri
472 4122 655 4240 privilegij
677 4123 902 4214 innovantes
923 4123 1202 4226 confirmamus,
1227 4122 1462 4223 roboramus,
1483 4122 1750 4238 approbamus,
1772 4120 1964 4238 gratifica-

332 4267 428 4343 mus,
448 4252 487 4324 et
504 4237 742 4340 ratificamus,
764 4236 1013 4329 decernentes
1033 4242 1139 4372 ipsas
1160 4253 1339 4354 perpetue
1358 4236 1539 4326 firmitatis
1560 4239 1676 4326 robur
1696 4237 1874 4328 obtinere.
1920 4239 1968 4341 ln

332 4353 504 4448 omnbus
524 4383 618 4444 vero
639 4355 764 4445 causis
796 4367 833 4440 et
854 4354 1214 4471 disceptacrouibus,
1251 4369 1323 4440 tam
1345 4383 1416 4470 pro
1436 4354 1545 4440 bouis
1566 4354 1823 4472 bereditarijs,
1850 4379 1966 4473 quatu

332 4472 487 4586 honoris
503 4472 673 4576 aclame,
695 4484 734 4566 et
746 4470 830 4588 ettjs
842 4470 1094 4590 gravioribus,
1115 4473 1152 4557 in
1173 4469 1326 4593 quibus,
1340 4470 1435 4568 sicut
1455 4474 1630 4587 superius
1643 4502 1872 4591 expressum
1893 4485 1966 4577 est,

333 4590 364 4678 si
384 4590 554 4703 preventi
574 4589 746 4707 negoops
766 4588 943 4706 poeticis,
977 4588 1016 4674 in
1038 4589 1156 4705 primo
1174 4587 1334 4684 terniao
1357 4586 1469 4679 tuen
1490 4619 1566 4686 uon
1587 4591 1816 4691 laceremus,
1851 4587 1963 4702 positi

332 4719 419 4792 sunt
448 4719 485 4790 et
503 4706 749 4822 assignantur
779 4721 942 4824 quatuor
971 4705 1114 4792 termini
1146 4733 1214 4821 per
1240 4733 1388 4792 aunum.
1445 4704 1495 4793 Et
1524 4709 1556 4792 si
1587 4709 1670 4823 quis
1701 4709 1737 4823 l¹¹
1758 4710 1892 4822 quarto
1923 4717 1960 4790 et

200 4821 208 4832 '
243 4856 247 4863 ·
331 4820 432 4910 finali
452 4820 609 4910 termino
629 4851 705 4909 nou
726 4823 997 4955 comparuerit,
1031 4851 1186 4914 causam
1206 4823 1404 4927 ammittat,
1435 4825 1710 4939 sentenetaqua
1730 4823 1869 4911 leretur
1889 4849 1959 4938 pro
