4870 5948
1106 787 1152 798 ..
1205 744 1254 817 32
1308 784 1355 796 ..

418 955 562 1059 Sraba,
591 951 814 1050 Volbcrica,
844 949 967 1053 desni,
998 949 1033 1034 in
1063 947 1151 1034 viiia
1180 941 1455 1058 Bretcm'cee(⁴)
1476 974 1561 1031 cum
1582 958 1660 1032 tota
1680 946 1836 1054 familie,
1869 949 1971 1068 qood
1993 953 2041 1039 ab

298 1121 309 1144 s
419 1072 598 1175 ecclesia,
630 1083 708 1158 tota
738 1069 981 1157 cracoviensi
1003 1084 1039 1154 et
1059 1065 1508 1152 Sandonririensimilicie
1529 1094 1598 1180 pro
1621 1095 1674 1152 ec
1690 1067 1936 1156 testimonium
1958 1101 2041 1188 per·

418 1192 584 1293 hibente,
611 1189 708 1275 maie
728 1219 815 1275 esse
835 1187 994 1274 alienate
1016 1188 1200 1302 comperi,
1223 1185 1389 1300 plenarie
1408 1184 1570 1288 restitui3
1592 1197 1806 1298 protestans
1827 1189 2040 1300 solenniter,

419 1311 601 1398 neminem
632 1309 668 1392 in
699 1307 815 1423 sylvis
834 1306 1070 1422 ,supradictis
1101 1318 1228 1420 preter
1258 1302 1378 1390 soium
1410 1304 1530 1419 ipsum
1564 1299 1794 1420 Episcopum
1822 1302 1963 1393 bebere
1984 1309 2041 1397 ius

417 1427 591 1516 venandi.
622 1425 763 1511 Vemm
785 1455 832 1511 na
852 1425 923 1512 ista
945 1437 1075 1510 nostra
1091 1423 1280 1508 restitucio
1298 1451 1485 1538 processu
1502 1422 1682 1536 temporis
1694 1422 1818 1550 possit
1837 1425 1886 1510 ab
1903 1424 2040 1544 aiiquc,

419 1548 515 1634 sicut
534 1545 614 1632 fieri
636 1545 782 1630 solitum
804 1559 879 1648 est,
911 1542 1096 1658 impediri,
1128 1555 1342 1656 presentem
1364 1541 1541 1658 peginam
1563 1539 1673 1656 sigilii
1695 1541 1811 1628 nostri
1834 1545 2040 1652 munimine,

419 1665 626 1752 subnotatis
647 1663 823 1765 testibus,
854 1662 1044 1748 roboravi.
1094 1660 1230 1745 Actum
1263 1673 1320 1745 est
1350 1674 1472 1745 autern
1505 1657 1601 1744 istud
1628 1659 1663 1744 in
1684 1658 1873 1776 colloquio
1895 1662 1930 1747 in
1950 1667 2041 1748 Sca-

418 1788 593 1887 rozouio,
624 1811 724 1867 enno
745 1780 1019 1866 incarnacionis
1041 1776 1179 1864 domini
1198 1777 1256 1864 Μ’
1279 1776 1362 1863 CC⁰
1382 1775 1473 1862 XX⁰
1492 1774 1600 1862 Vlli⁰
1622 1807 1751 1863 mense
1771 1774 1929 1884 Martio,
1954 1809 2041 1896 pre-

418 1901 587 1990 sentibus
608 1899 715 1985 Duce
737 1896 919 1986 Conrado
938 1896 1111 1982 biesovie
1143 1911 1179 1982 et
1211 1896 1365 1982 Cuiavie
1386 1925 1471 1981 cum
1492 1893 1675 1982 Belesiao
1700 1911 1737 1982 et
1760 1896 1943 1983 Cesimiro
1964 1899 2065 1988 suis¹

419 2016 520 2124 tiliis,
562 2018 679 2106 lvone
702 2017 946 2104 Cracoviensi
966 2015 1176 2132 Episcopo,
1225 2015 1437 2101 Christiano
1466 2013 1624 2098 Prussie
1653 2013 1865 2131 Episcopo,
1907 2015 2042 2104 Marco

422 2133 669 2222 Cracoviensi
688 2135 878 2240 Palatino,
907 2131 1100 2221 Pacoslab
1130 2132 1435 2221 Sandomiriense
1461 2130 1653 2239 Palatino,
1683 2131 1855 2220 Arnoido
1888 2133 2043 2224 Cuiavie

419 2253 605 2340 Palatino.
1010 2278 1016 2288 ·

520 2469 559 2554 (⁴)
590 2467 743 2533 Bietescr'ce
765 2467 863 2534 sitiam
888 2469 916 2533 in
939 2465 1145 2534 Woiboriensi
1168 2487 1221 2532 ore
1244 2466 1355 2533 tmstra
1377 2467 1527 2556 quaesivi:
1554 2467 1608 2532 sed
1631 2473 1678 2532 est
1700 2467 1819 2532 Bieisteo
1842 2467 1925 2533 Woio
1948 2488 2043 2556 pegus

337 2559 341 2566 '
417 2551 650 2619 Petricoriensis
665 2553 799 2638 regionis
815 2562 846 2618 et
860 2551 1074 2636 Suiejcviensis
1090 2552 1269 2636 parochiae,
1289 2571 1380 2636 quem
1404 2573 1471 2616 cum
1495 2551 1648 2616 Be'eiewr'ce
1667 2553 1733 2617 vitiu
1758 2553 1887 2618 eundem
1908 2573 1990 2630 esse,
2012 2561 2048 2620 et'

420 2657 533 2700 nornen
549 2658 635 2701 inore
651 2639 714 2700 aevi
732 2637 808 2700 itiius
824 2643 898 2701 tunc
913 2639 1057 2722 temporis
1073 2645 1204 2699 mutasse
1220 2645 1309 2718 puto,
1332 2657 1425 2722 quum
1442 2635 1541 2700 eidem
1557 2637 1745 2722 priviiegium
1762 2645 1792 2700 et
1806 2639 1927 2702 libertas
1942 2638 2042 2722 (wele)
2088 2691 2094 2702 .

329 2749 335 2757 ·
416 2719 496 2806 juris
519 2719 686 2784 theutonici
709 2721 895 2804 impartitum
919 2729 973 2784 ast
1021 2721 1119 2803 Prope
1144 2720 1332 2784 Woiboriem
1356 2721 1500 2805 oppidum
1527 2742 1588 2786 non
1613 2743 1725 2806 paucos
1749 2723 1828 2786 rivos
1850 2721 1952 2787 tubuie
1975 2743 2041 2794 mee

419 2803 618 2952 peogpaphiou
642 2803 771 2887 regionis
793 2802 883 2887 hujus
906 2812 1126 2887 repraesentat,
1149 2804 1273 2869 nomina
1295 2825 1402 2870 eorum
1424 2813 1543 2885 eutem,
1574 2806 1631 2873 nisi
1654 2807 1775 2872 Piticiaa
1801 2813 1834 2874 et
1855 2807 2044 2874 Wctborcee

443 2890 610 2966 ummibus‚
633 2908 694 2953 non
710 2887 856 2973 designat

1187 3149 1290 3264 XX..

643 3377 888 3486 Zptcreit
913 3397 1068 3463 ammo
1092 3375 1249 3464 1231.
1276 3379 1369 3462 dte
1394 3375 1584 3464 wem.
1609 3381 1825 3464 Martii.

482 3561 699 3636 Mtelsaet
715 3563 885 3658 Episcopus
900 3564 1102 3660 bituriensis,
1115 3565 1222 3640 ritem
1239 3567 1412 3634 Bartmoce
1427 3564 1467 3638 ert
1482 3547 1648 3642 ecetesiiru
1662 3583 1752 3638 suero
1766 3563 1983 3640 causostem

488 3663 764 3740 tledisteriensem
777 3666 981 3756 pertinentem
996 3687 1065 3742 cun
1078 3669 1154 3742 stlte
1168 3671 1308 3758 Lutorpt
1324 3667 1466 3742 coenobii
1486 3667 1738 3742 otrurctenmn
1753 3667 1973 3762 turtunensis

595 3766 720 3859 proprie
734 3772 1090 3859 commumtprsesente
1106 3772 1140 3842 ct
1155 3771 1347 3843 assentiente
1362 3771 1445 3842 buce
1461 3770 1602 3843 comedo
1617 3769 1806 3842 noromensi
1821 3771 1870 3856 (¹).

520 3973 562 4059 ln
585 3961 732 4060 nomine
753 3974 870 4090 petris
891 3989 927 4060 et
947 3972 1008 4058 titi
1030 3989 1068 4059 et
1088 3975 1237 4089 spiritus
1259 3976 1397 4081 sancti,
1428 4004 1549 4060 amen.
1593 3973 1700 4062 Licet
1727 3977 1762 4062 in
1784 3975 2041 4063 contractibus

273 4085 276 4093 ’
356 4121 362 4134 ·
420 4090 521 4177 bona
549 4091 637 4177 fidei
664 4093 809 4211 equitas
841 4093 929 4180 iuris
961 4091 1097 4178 suadet
1125 4093 1429 4180 contrahentibus
1460 4106 1498 4178 et
1527 4089 1614 4180 tidei
1636 4095 1864 4196 constantia,
1896 4122 1944 4178 ee
1971 4123 2045 4212 que

522 4299 561 4386 (¹)
589 4303 636 4366 Ex
657 4307 759 4370 tebuta
781 4306 955 4374 authentica
970 4307 1202 4372 membranacea
1217 4307 1298 4372 doct.
1327 4306 1549 4396 Stronczyriscii
1562 4309 1699 4394 proprie,
1722 4331 1800 4395 quae
1816 4309 1954 4394 primitus
1969 4329 2045 4394 que·

422 4397 491 4454 tuor
513 4385 615 4470 sigiliis
638 4389 733 4452 cereis
754 4389 870 4456 munita
893 4391 985 4460 fuisso
1008 4391 1134 4466 vitietur,
1157 4392 1227 4457 iicet
1248 4391 1309 4456 duo
1330 4399 1465 4482 tantum,
1487 4395 1652 4460 secundum
1672 4395 1812 4460 videlicet
1841 4403 1871 4459 et
1893 4406 2044 4480 quartum,

421 4472 607 4538 infuniculis
622 4471 708 4535 tineis
723 4473 824 4537 rubeis
835 4495 966 4557 appense
983 4498 1063 4542 nunc
1078 4481 1212 4548 exstent;
1233 4496 1363 4560 quorum
1375 4478 1502 4544 aiterum
1516 4479 1672 4544 Michaelis
1686 4479 1829 4564 Episcopi
1846 4479 2044 4562 Cujaviensis‚

421 4557 550 4624 alterum
571 4556 648 4623 atius
669 4555 827 4640 cuiusdam
841 4559 985 4642 Episcopi
1008 4581 1073 4626 osse
1094 4562 1214 4638 dicitur,
1236 4581 1326 4646 quem
1351 4562 1476 4630 Paulum
1499 4565 1685 4648 Episcopum
1701 4565 1938 4628 Poenenicnsem
1954 4563 2046 4628 fuisse

421 4639 501 4705 effici
523 4651 624 4724 potest
645 4663 681 4706 ex
705 4641 785 4707 uerbi
809 4641 976 4727 fragmento
999 4647 1138 4722 „onor'e,''
1161 4647 1243 4731 quod
1267 4648 1389 4710 unicum
1413 4651 1442 4713 in
1464 4650 1576 4734 sigilio,
1600 4650 1708 4712 ceteris
1728 4649 1930 4732 inscriptionis
1951 4647 2047 4714 literis

417 4723 481 4810 jam
504 4727 591 4809 piane
613 4727 735 4802 deictis,
771 4725 870 4791 adbuc
892 4728 993 4812 tegere
1016 4731 1115 4813 potuit
1143 4731 1222 4796 doct
1244 4729 1497 4814 Stroncnydscios.
1542 4734 1656 4800 Tebuie
1679 4732 1754 4801 baec
1772 4733 1835 4816 jam
1860 4733 1889 4795 in
1893 4729 2046 4878 1juridicis

421 4812 645 4876 commentariis
675 4813 813 4889 „Theonis
833 4811 998 4876 Podoue‘cd'
1028 4811 1129 4889 dictis,
1161 4815 1213 4878 sed
1237 4817 1336 4882 minus
1357 4827 1496 4882 accurate
1518 4820 1594 4902 typis
1617 4819 1767 4904 descripta
1798 4817 1883 4898 est(
1918 4862 1925 4878 .
1959 4815 1992 4880 V.
2016 4835 2044 4894 p.

421 4893 484 4960 tto
498 4915 581 4980 seqq.
597 4895 720 4962 Versar.
739 4895 820 4963 1829
830 4895 847 4982 i.
876 4895 1058 4965 contaretur
1072 4918 1195 4984 quoque
1210 4900 1321 4964 ibidem
1338 4903 1491 4984 paulutum
1507 4902 1679 4988 discrepans
1694 4902 1860 4986 sigittorum
1875 4900 2047 4985 descriptio.
