4778 5952
1019 727 1293 801 -ott-

1051 1003 1268 1122 CXXXII.
1872 1120 1876 1128 ,

465 1247 537 1330 lm
561 1243 704 1330 vitto
730 1245 1028 1374 Ropoaemo,
1056 1263 1211 1328 ammo
1238 1241 1382 1328 1322
1409 1246 1462 1328 d.
1489 1241 1564 1332 25
1591 1267 1661 1354 m.
1686 1247 1847 1354 Jmttt.
1880 1314 1882 1323 .

338 1427 537 1504 comato
552 1430 588 1502 ct
601 1428 731 1503 toustto
746 1428 931 1503 innume
946 1427 978 1501 iu
994 1430 1141 1517 Ytutaoy
1155 1447 1210 1522 por
1221 1429 1348 1503 ttotttos
1362 1427 1620 1520 morosicon,
1637 1429 1818 1511 mollum,
1835 1430 1970 1508 lllrlouu

446 1529 677 1605 numum
693 1529 734 1604 do
750 1531 806 1636 Ope
833 1529 961 1604 mutu
976 1533 1011 1604 ot
1025 1527 1188 1604 lterum
1201 1530 1366 1619 tremore,
1381 1531 1441 1603 sut
1455 1530 1552 1604 mutto
1566 1529 1796 1606 mmmmm
1811 1535 1860 1617 t¹t
2025 1529 2030 1536 ’

438 1719 481 1808 ln
502 1722 650 1809 nomine
675 1719 832 1829 domini,
863 1749 984 1808 umen.
1036 1717 1098 1810 Ne
1127 1721 1226 1810 lacta
1259 1718 1468 1812 mortalium
1500 1720 1605 1810 simul
1637 1749 1721 1806 cum
1753 1722 1969 1834 mortalibus

338 1840 554 1946 moriantur,
582 1839 706 1926 solent
725 1840 904 1927 memorio
925 1841 1111 1928 literorom
1134 1841 1306 1928 eternori.
1346 1838 1531 1926 Nouerint
1551 1838 1663 1956 igitur
1683 1839 1858 1945 uniuersi,
1880 1871 1968 1958 pre-

338 1957 505 2044 sencium
525 1957 698 2046 noticiam
719 1955 894 2046 habituri:
926 1955 1042 2070 Quod
1064 1986 1135 2046 nos
1156 1958 1451 2079 Dobrogostius,
1476 1953 1680 2062 Arnoldus,
1702 1955 1852 2045 Urlicus
1874 1959 1969 2072 (sic),

327 2071 562 2182 Bartoldus,
588 2073 727 2164 domini
748 2073 1011 2162 dedzenenses
1033 2073 1121 2162 dicti
1143 2075 1192 2161 de
1216 2083 1294 2174 Ost,
1314 2077 1416 2164 bona
1437 2072 1725 2181 deliberacione,
1747 2091 1970 2196 maturoque

337 2189 494 2281 consilio
534 2222 650 2310 super
682 2224 730 2280 eo
766 2194 914 2299 habito,
952 2191 1124 2280 videntes
1156 2210 1194 2281 et
1224 2194 1469 2282 exaudientes
1499 2191 1641 2280 litteras
1682 2222 1729 2279 ec
1757 2193 1969 2315 priuilegya

336 2310 576 2403 Serenissimi
611 2339 659 2400 ao
693 2311 822 2401 illustri
854 2310 954 2422 (sic)
980 2309 1166 2426 Principis
1206 2311 1345 2400 domini
1382 2309 1560 2399 Kazimiri
1592 2308 1652 2396 dei
1682 2312 1813 2514 ppocia
1843 2311 1969 2431 Regis

333 2428 495 2516 Polonie
521 2427 638 2518 leliois
658 2430 857 2533 memorie,
888 2457 1003 2543 super
1034 2426 1262 2516 Scolteciom
1282 2430 1318 2518 in
1340 2434 1513 2529 Ilelccui,
1545 2456 1658 2543 quem
1723 2425 1843 2544 edzeij
1871 2457 1968 2520 auus

334 2543 482 2635 Nicoloi
521 2560 560 2633 et
590 2544 807 2650 Obeczani,
845 2543 1035 2662 quondam
1067 2545 1278 2653 Scoltetus,
1313 2577 1383 2662 pro
1413 2545 1543 2664 viginti
1574 2546 1712 2632 mercis
1742 2575 1967 2663 grossorum

334 2662 499 2782 polonici
538 2664 757 2782 pegementi
794 2674 957 2766 emeret,
999 2661 1132 2750 domus
1169 2679 1206 2750 et
1240 2664 1506 2750 confirmemus
1552 2660 1711 2748 eandem
1750 2662 1968 2752 scolteoiam

333 2780 512 2986 predictis
547 2779 707 2870 Nicolao
742 2795 777 2867 et
813 2776 1043 2882 Obeczono,
1077 2780 1251 2866 fratribus
1282 2782 1495 2897 germanis,
1530 2779 1782 2898 ipsorumque
1804 2783 1968 2897 posteris

347 2900 513 3019 egittime
543 2899 640 2986 natis
667 2928 716 2985 oc
741 2895 960 3001 nascendis,
988 2913 1171 3015 perpetuo
1192 2897 1484 3016 possidendam,
1515 2896 1726 3015 regendam
1746 2897 1853 2984 etad
1874 2928 1967 2988 usus

332 3014 592 3132 beneplacitos
613 3013 928 3116 conuertendam,
958 3031 1071 3132 prout
1090 3016 1182 3131 ipsis
1210 3030 1247 3103 et
1267 3046 1396 3104 eorum
1417 3016 1598 3134 posteriS,
1630 3013 1761 3100 melius
1781 3011 1967 3104 videbitur

334 3131 525 3251 expedire.
580 3130 826 3220 Addieientes
861 3129 1004 3220 eisdem
1039 3132 1213 3224 [ratribus
1257 3131 1419 3222 Nicolao
1461 3146 1499 3238 et
1534 3128 1769 3235 Obeozam,
1806 3147 1967 3248 quatuor

331 3280 489 3338 mansos
509 3249 668 3355 liberos,
699 3262 811 3369 prout
831 3249 1030 3366 antiquitus
1051 3252 1086 3337 in
1108 3250 1314 3369 priuilegijs
1335 3280 1465 3338 eorum
1486 3247 1715 3354 habuerunt,
1746 3245 1966 3339 thabernam

332 3367 508 3473 liberam,
538 3383 576 3456 et
606 3367 704 3456 duos
735 3368 950 3470 ortulanoS,
980 3371 1171 3488 perpetuis
1203 3367 1433 3484 temporibus
1473 3365 1651 3454 obtinere.
1710 3365 1800 3452 ltem
1829 3365 1964 3454 damus

331 3485 508 3602 predictis
524 3483 690 3574 Nicolao
712 3499 750 3572 et
769 3483 998 3586 Obeozano,
1030 3515 1235 3602 eorumque
1256 3482 1563 3586 successoribus,
1595 3484 1748 3569 tercium
1771 3481 1964 3569 denarium
2093 3493 2097 3502 ’

326 3600 542 3720 judicialem
570 3603 734 3688 cuiusuis
754 3630 852 3717 pene
872 3629 1013 3718 magne
1035 3602 1115 3686 siue
1134 3629 1264 3718 paruo.
1315 3599 1461 3686 Demus
1484 3600 1602 3684 eciam
1624 3599 1775 3716 prelixis
1802 3596 1964 3688 Nicoleo

331 3734 368 3808 et
389 3717 598 3807 Obeczono
624 3748 829 3836 eorumque
849 3717 1023 3835 posteris,
1046 3717 1212 3836 lerieipie
1232 3748 1300 3806 seu
1322 3748 1436 3836 sepes
1457 3715 1613 3822 ferales,
1644 3716 1682 3804 id
1703 3730 1775 3803 est:
1810 3720 1963 3833 Grodzy

330 3837 366 3924 in
387 3837 513 3942 lluuio,
536 3865 609 3954 que
631 3835 714 3949 (sic)
734 3830 770 3924 in
791 3835 899 3955 wlgo
923 3837 1104 3923 Golm'cza
1124 3849 1293 3924 vocatur.
1329 3834 1488 3952 lnsuper
1509 3833 1642 3923 damus
1658 3864 1751 3949 sepe
1767 3835 1964 3922 nominatis

329 3951 492 4042 Nicolao
508 3967 547 4040 et
563 3952 785 4060 Obeczano,
801 3968 839 4041 et
854 3954 1300 4058 eorumsucoessoribus,
1317 3956 1354 4041 io
1367 3953 1534 4072 predicto
1551 3952 1757 4040 hereditate
1775 3957 1962 4055 Ttlulccm,

330 4074 574 4159 venacionem
605 4072 775 4189 leporum
807 4083 845 4160 et
871 4071 1088 4190 mellilicya,
1118 4073 1210 4190 ips'is
1242 4073 1291 4159 ab
1328 4074 1479 4188 antiquo
1511 4071 1740 4187 pertinencia
1779 4085 1962 4188 perpetuo

330 4188 509 4308 obtinere.
564 4188 747 4276 Pretereu
780 4187 941 4304 predicti
977 4192 1125 4280 scolteti
1166 4187 1347 4277 Nicolaus
1385 4204 1421 4274 et
1462 4186 1715 4292 Obeozoous,
1757 4216 1962 4305 eorumque

431 4419 473 4506 (¹)
501 4419 549 4485 Ex
564 4417 726 4504 archetypo
741 4419 975 4486 membranaceo
998 4421 1054 4488 Nn
1072 4421 1153 4488 1062
1174 4419 1381 4488 Versoniensis
1400 4365 1540 4484 tabularii
1557 4416 1668 4504 publici
1689 4418 1786 4508 Regni
1807 4420 1960 4486 Potoniae.

329 4505 409 4574 Huic
429 4505 552 4571 tubuloe
574 4523 707 4591 oppanso
729 4511 816 4570 oront
839 4505 869 4568 in
892 4504 1026 4570 funiculo
1049 4507 1145 4571 serico
1167 4506 1267 4570 nitidis
1290 4505 1398 4570 eoloris
1420 4511 1552 4589 quotuor
1572 4504 1666 4588 sigillo
1688 4505 1726 4568 de
1746 4525 1814 4570 coru
1836 4505 1961 4588 vulgari.

204 4596 210 4606 “
328 4589 446 4654 Horum
469 4590 600 4672 primum
621 4588 826 4663 destructum,
851 4587 978 4654 alterum
1003 4588 1093 4654 hebet
1116 4591 1145 4652 io
1160 4597 1247 4654 scuto
1262 4587 1379 4673 insigne
1396 4588 1547 4673 persimile
1563 4587 1671 4672 insigni
1694 4589 1852 4654 Dziotoszo
1868 4589 1958 4654 dioto.

327 4671 376 4737 Ex
390 4671 489 4738 verbis
505 4673 596 4740 inseri
618 4673 656 4740 tis
671 4673 791 4738 nonnisi
808 4693 896 4738 uooeo
911 4721 919 4737 .
933 4722 940 4737 .
956 4719 964 4737 .
979 4673 1091 4739 motta·
1104 4673 1140 4739 dc
1155 4697 1178 4738 e.
1194 4720 1225 4736 ..
1241 4673 1291 4737 „le
1314 4674 1321 4737 i
1337 4681 1472 4758 possum.
1508 4673 1642 4741 Tertium
1665 4673 1793 4756 sigillum
1817 4671 1959 4737 deletum.

326 4755 504 4926 ppppppllpppp
523 4755 572 4844 eju
628 4775 659 4824 tu
682 4765 825 4824 exoratos
845 4765 919 4824 suut
940 4779 1029 4825 voces
1049 4752 1101 4834 „S.
1128 4757 1262 4824 tttn‘etc
1305 4757 1358 4823 αἶ’
1394 4757 1505 4838 Quarti
1518 4755 1605 4842 sigilli
1620 4755 1740 4822 nonnisi
1755 4755 1858 4822 literae
1872 4757 1960 4836 „rto”
