4780 5922
1000 747 1273 820 -105-

321 921 466 1074 illorum
489 969 641 1073 quoque
655 939 806 1044 babeat,
825 938 913 1026 illud
934 942 989 1030 eis
1010 943 1163 1051 extradi,
1184 946 1371 1148 siglliqoe
1390 948 1508 1034 nostri
1526 939 1762 1070 appensione
1781 981 1947 1040 eommu-

212 1101 221 1116 ·
322 1087 389 1174 mr]
411 1054 679 1146 mandammus.
715 1055 861 1175 Harum
882 1059 1093 1152 testimonio
1114 1077 1184 1148 eto.
1259 1077 1361 1151 atum
1379 1063 1611 1178 Pyotrkouie
1630 1068 1667 1154 in
1689 1068 1948 1158 Conoentione

320 1174 507 1292 generali,
533 1173 625 1259 lenia
645 1174 814 1262 seeundo
835 1190 923 1292 post
942 1176 1075 1266 festum
1096 1179 1373 1268 Purilioationis
1393 1181 1666 1299 gloriosissime
1686 1184 1841 1303 virginis
1862 1186 1947 1274 Με-

321 1290 392 1396 rie,
424 1288 573 1378 domine
593 1305 734 1398 nostre,
754 1295 935 1408 proxima.
973 1295 1085 1382 Anno
1107 1295 1245 1385 domini
1265 1297 1458 1388 millesimo
1480 1301 1777 1418 quingentesimo
1799 1303 1841 1388 tri
1873 1307 1947 1392 esi·

320 1435 383 1493 mo
414 1420 572 1510 octauo,
607 1405 735 1530 Regni
765 1440 858 1498 vero
890 1412 1013 1537 nostri¹
1036 1441 1138 1501 anno
1168 1415 1361 1533 trigesimo
1382 1415 1562 1504 secundo.
1614 1416 1756 1508 Paulus
1778 1417 1825 1503 de
1843 1332 1948 1507 l'ola

317 1522 664 1632 llioeoanoellarius
685 1525 917 1648 subsoripsit.
960 1527 1120 1621 Relooio
1141 1530 1345 1649 ejusdem·
1407 1631 1411 1646 ,

1056 1827 1254 1963 onon
1345 1891 1403 1952 .-
1524 1757 1529 1764 ’

477 2083 806 2210 onocoetae,
834 2131 988 2199 uano
1012 2087 1166 2198 lano
1193 2113 1286 2200 dte
1311 2115 1343 2200 1
1366 2135 1536 2202 mem.
1560 2119 1803 2224 Aumutt.

405 2311 677 2384 casimirus
690 2311 760 2402 lox¹
773 2311 965 2385 neolone
980 2312 1103 2389 eudem
1117 2313 1203 2388 dtoto
1218 2317 1322 2388 Smin
1335 2315 1443 2390 rtltou
1455 2316 1488 2388 tn
1501 2315 1594 2390 torto
1609 2319 1720 2412 tom
1733 2318 1858 2392 toeuti

898 2521 900 2526 Ι
935 2415 1132 2506 pomnen
1146 2415 1268 2488 confort
1281 2416 1291 2501 t
1298 2418 1332 2502 ¹).

421 2639 464 2726 ln
484 2643 634 2746 nomine
653 2638 803 2742 domini,
825 2667 945 2724 emen.
992 2635 1110 2748 Quod
1130 2637 1337 2752 Magnifica
1357 2637 1510 2754 Regum
1530 2639 1656 2726 lacere
1677 2639 1846 2726 decreuit
1864 2639 1945 2726 Ma-

320 2771 466 2874 gastas,
488 2758 647 2844 maxime
668 2753 717 2841 ad
739 2753 927 2841 utilitatem
947 2752 1075 2870 Regni
1096 2755 1163 2858 sui,
1186 2753 1299 2840 debet
1319 2785 1406 2840 esse
1425 2755 1571 2842 sumum
1593 2770 1631 2840 et
1651 2756 1792 2862 stabile,
1813 2756 1946 2842 robur-

322 2903 397 2990 que
415 2888 596 2990 perpetue
616 2871 797 2960 firmitatis
818 2870 998 2958 obtinere.
1049 2869 1237 2973 Proinde,
1268 2901 1339 2957 nos
1362 2869 1597 2978 llazimirus,
1629 2871 1689 2956 dei
1710 2875 1842 3074 precia
1860 2871 1947 2960 Rex
1988 2899 1989 2904 ‘

319 2990 498 3094 Polonie,
529 3007 658 3078 notum
679 2988 834 3074 laoimus
855 2987 1039 3074 uniuersis
1059 2999 1133 3073 mm
1154 2986 1403 3104 presentibus,
1426 3017 1536 3108 quam
1557 2990 1698 3095 tuturis,
1746 3019 1818 3078 ane
1837 2991 1946 3107 pagi-

322 3135 407 3193 nam
430 3107 666 3223 inspecturis.
708 3103 826 3216 Quod
846 3105 1060 3224 cupientes,
1091 3105 1265 3192 utilitates
1286 3104 1414 3222 Regni
1434 3106 1551 3193 nostri
1570 3133 1735 3224 augere,
1766 3121 1805 3193 et·
1821 3108 1947 3193 lacere

321 3221 370 3308 de
402 3222 505 3314 siluis
533 3237 571 3309 et
591 3223 826 3326 nemoribus,
857 3220 1062 3339 dequibus
1087 3221 1196 3309 nobis
1225 3222 1323 3308 nulla
1351 3223 1497 3336 penitus
1527 3221 1661 3308 utilitas
1692 3223 1947 3340 proueniebat,

321 3339 556 3428 damus'viro
578 3340 742 3428 discreto
764 3337 978 3425 Theodrieo
1000 3337 1101 3426 dioto
1124 3338 1249 3426 Sturm
1270 3336 1393 3424 villam
1413 3340 1449 3426 in
1466 3337 1547 3425 silla
1564 3338 1646 3450 (sie)
1664 3341 1766 3425 oiroa
1782 3340 1964 3444 lluuium,·

322 3459 386 3574 qui
405 3455 538 3575 Lipnik
558 3457 709 3560 dicitur,
735 3470 774 3541 et
793 3487 841 3543 ex
860 3469 1018 3572 utroque
1038 3469 1147 3571 parte
1166 3457 1283 3571 ipsius
1302 3453 1424 3568 lluuij,
1455 3457 1536 3540 iure
1557 3455 1811 3561 'lbeutonieo,
1844 3453 1947 3572 quod

317 3571 513 3658 Sredense
528 3586 773 3690 nuncupatur,
795 3569 957 3673 locandi,
977 3585 1235 3687 perpetuoque
1252 3569 1423 3674 durandi,
1445 3567 1694 3660 omnimodam
1710 3583 1946 3686 potestatem:

203 3718 208 3728 ’
322 3719 397 3806 que
417 3687 503 3777 villa
524 3690 722 3806 sexaginta
743 3715 897 3776 mansos
927 3687 965 3771 in
985 3686 1155 3774 limitibus
1181 3687 1259 3773 suis
1280 3685 1447 3776 habebit,
1491 3685 1534 3776 lo
1554 3715 1628 3803 qua
1648 3687 1733 3778 villa
1754 3685 1891 3775 damus
1910 3703 1948 3774 et

322 3807 566 3912 oonlerimus,
595 3805 644 3892 de
664 3805 766 3894 bone
786 3803 1064 3890 deliberacione
1084 3801 1253 3919 predicto
1274 3801 1501 3911 Tbeodrieo,
1522 3818 1560 3890 et
1577 3806 1741 3920 posteris
1760 3805 1889 3922 ipsius,
1909 3805 1946 3890 in

317 3938 538 4041 perpetuum
560 3922 775 4014 scolteoiam
797 3921 877 4007 iure
897 3919 1125 4008 hereditario
1150 3918 1381 4026 habendam,
1413 3921 1634 4029 tenendam,
1665 3919 1946 4039 possidendam,

274 4129 278 4138 ,
315 4039 578 4145 vendendam,
611 4038 849 4142 donandam,
886 4035 1208 4146 commutandam,
1244 4068 1315 4155 pro
1346 4067 1416 4126 sua
1452 4053 1490 4126 et
1519 4067 1672 4124 suorum
1706 4049 1946 4155 posterorum

320 4155 530 4260 voluntate,
564 4156 845 4272 quomodolibet
864 4155 1179 4259 conuertendom,
1211 4158 1269 4240 eui
1301 4155 1459 4240 sculteto
1492 4167 1529 4238 et
1549 4153 1836 4240 suecessoribus
1863 4158 1945 4241 suis

320 4284 498 4388 perpetue
529 4275 609 4357 iure
637 4271 883 4371 hereditario,
915 4272 1048 4357 domus
1080 4287 1224 4358 sextum
1252 4299 1421 4355 mansum
1449 4269 1624 4374 liberum,
1656 4284 1799 4358 etanta
1820 4275 1945 4358 omnia
2097 4339 2101 4346 .

320 4419 432 4475 unum
461 4417 630 4474 mansum
653 4417 722 4505 pro
744 4385 926 4491 ecclesia,
959 4401 1127 4472 etenum
1160 4417 1327 4472 mansum
1359 4415 1430 4501 pro
1460 4384 1634 4501 pellendo
1666 4417 1808 4506 grege,
1868 4391 1943 4475 uod
2065 4476 2069 4505 ¹

319 4501 520 4592 Beotniezo
540 4505 692 4610 dieitur,
723 4503 916 4590 tabernam
938 4502 1111 4606 liberam,
1134 4533 1202 4589 sex
1223 4517 1345 4607 ortoS,
1368 4501 1617 4590 molendinum
1639 4504 1698 4589 uel
1721 4419 1943 4609 molendina,
2054 4524 2075 4611 e

419 4751 455 4836 (¹)
482 4751 529 4816 Ex
543 4751 705 4839 orobetypo
720 4753 950 4818 membranooeo
965 4750 994 4814 in
1009 4749 1198 4814 Vorseoiensi
1212 4747 1360 4815 tabulario
1381 4751 1500 4836 publioo
1520 4749 1619 4834 Regni
1641 4749 1785 4814 Pelopiae
1808 4749 1863 4818 Νω
1877 4749 1940 4817 603

318 4844 480 4902 amoveto.
508 4834 602 4920 Sigitli
617 4838 739 4922 abrupti
753 4836 872 4902 nonnisi
887 4833 1038 4901 funiculus
1052 4834 1164 4899 sericus
1179 4831 1287 4898 eoloris
1302 4835 1428 4903 cerosini
1442 4841 1589 4919 superest.
1739 4931 1785 4986 05·
