4788 5926
431 943 621 1062 fuitinrjus
636 945 785 1063 negocii
802 942 1005 1030 ordinator.
1034 941 1172 1030 Datum
1191 945 1370 1028 Crococie
1385 970 1454 1059 per
1469 970 1603 1029 manus
1624 940 1864 1032 Tnardcaiai
1881 940 2059 1030 Cantorio

335 1140 337 1156 .
414 1061 748 1150 ·Sandomiricnsis
769 1077 804 1151 et
825 1059 1121 1148 Subcanceilarii
1143 1061 1246 1147 curie
1266 1073 1407 1147 nosue.

1189 1397 1307 1512 LIV.

578 1660 833 1756 (Dionaei,
861 1679 1016 1745 anno
1044 1654 1190 1742 ma
1217 1658 1310 1742 dte
1335 1657 1390 1744 9.
1415 1661 1616 1744 menam
1645 1657 1917 1746 octobris.

495 1861 929 1934 commaerentem
945 1860 983 1934 ic
997 1861 1130 1950 tntum,
1145 1857 1296 1933 coenobio
1311 1877 1470 1934 morarum
1483 1861 1635 1951 rogim
1649 1803 1998 1942 montemontano

372 2000 376 2009 -
711 1959 1776 2048 ototoceno·,trerrnenrnrasamiruimtmeertiomttenrtvt.

531 2183 574 2270 ln
594 2183 743 2270 nomine
764 2181 912 2288 domini,
934 2213 1053 2270 amen.
1088 2181 1331 2270 Evanescunt
1353 2183 1460 2268 simui
1482 2213 1567 2271 cum
1588 2192 1767 2300 tempore,
1789 2212 1861 2300 quc
1877 2196 2060 2300 geruntur

335 2389 340 2404 ,
430 2305 675 2420 intempore,
705 2301 776 2387 nisi
797 2300 979 2416 recipiant
1009 2329 1149 2386 auoce
1181 2300 1326 2385 testium
1357 2316 1395 2402 et
1414 2301 1541 2416 scripti
1572 2299 1750 2386 memoria
1776 2299 2058 2386 firmamentum.

430 2417 529 2509 Hinc
557 2434 634 2526 est,
666 2417 768 2536 quod
800 2448 877 2536 ego
911 2416 1112 2504 Cnnradus¹
1143 2415 1332 2504 Scultetus
1364 2415 1487 2504 dictus
1518 2414 1567 2502 de
1594 2411 1814 2528 latorzff)
1846 2413 1968 2502 diuina
2000 2447 2060 2504 me

287 2575 291 2586 ¹
429 2537 633 2652 inspirante
654 2537 797 2652 gracia,
830 2535 879 2620 ob
900 2537 1157 2620 renerenciam
1180 2532 1314 2620 demus
1334 2531 1444 2620 beate
1465 2531 1588 2619 Maria
1607 2534 1664 2619 vir
1694 2535 1762 2620 inis
1784 2534 1819 2618 in
1843 2530 2059 2644 orcamp),

431 2653 519 2739 dedi
549 2649 670 2737 eidem
701 2649 749 2735 de
779 2679 865 2734 mea
891 2647 1010 2735 libera
1030 2647 1255 2753 hereditate,
1286 2664 1400 2768 atque
1421 2649 1469 2736 de
1488 2649 1642 2766 proprio
1663 2564 1793 2738 §thore
1815 2681 1900 2737 mco
1921 2663 1957 2736 et
1976 2667 2060 2736 mee

431 2769 606 2885 coniugis
627 2767 839 2852 conssens'u
861 2781 897 2852 et
917 2795 1076 2854 assensu
1097 2764 1255 2854 filiorum
1278 2796 1465 2871 meorum,
1498 2779 1574 2853 tres
1595 2797 1750 2858 mansos
1771 2768 1930 2874 liberos3
1962 2766 2060 2856 duos

430 2883 541 2980 beate
570 2881 700 2970 Marie·
722 2882 878 3000 virginis
910 2881 945 2968 in
979 2887 1139 2983 Olboet,
1171 2913 1283 2974 unum
1314 2884 1351 2970 in
1371 2885 1572 2984 Lobarze,'
1591 2883 1662 2974 sub
1683 2884 1756 2972 hac
1776 2900 1901 2973 tamen
1922 2885 2059 2973 forma:

430 3001 614 3118 videlicet,
636 3016 676 3087 ut
695 2997 744 3090 de
764 3003 909 3088 fertone
929 3002 1075 3118 argenti
1098 3017 1134 3088 et
1155 3000 1337 3088 maldrate
1360 3001 1511 3118 triplicis
1532 3031 1700 3108 annone,
1727 3032 1839 3122 quam
1860 2999 1946 3102 mihi
1968 2999 2061 3087 dare
2096 3109 2098 3114 ι

431 3119 531 3211 idem
561 3119 642 3231 (sic)
674 3119 793 3218 mansi
815 3129 1112 3224 consveuerant,
1142 3118 1192 3204 ad
1212 3121 1394 3236 prefatam
1416 3119 1568 3207 domum
1587 3118 1737 3224 lumina,
1768 3135 1843 3208 tam
1863 3149 1932 3236 per
1953 3117 2061 3224 diem,

431 3263 544 3352 quern
564 3266 633 3353 per
653 3249 802 3322 noctem
832 3237 1109 3354 inperpetuum
1141 3235 1304 3323 debeant
1324 3239 1547 3355 comparari.
1593 3235 1811 3354 Excipimus
1833 3237 1952 3324 eciam
1972 3265 2061 3350 pre·
2177 3245 2189 3270 ²

431 3355 555 3440 dictos
577 3369 653 3470 tres
670 3383 825 3440 mansos
847 3353 894 3438 ab
916 3355 1087 3442 omnibus
1108 3352 1364 3442 solucionibus
1385 3370 1497 3471 atque
1565 3351 1811 3455 auaminibuS‚
1833 3365 1870 3437 et
1890 3351 1939 3439 ab
1959 3351 2061 3438 omni

431 3471 620 3575 seruitute,
642 3483 682 3553 ut
702 3488 823 3587 nequa
844 3471 914 3587 ipsi
934 3471 1114 3580 Sculteto,
1137 3501 1209 3558 nec
1223 3470 1357 3588 judici,
1378 3502 1502 3588 neque
1518 3385 1668 3573 §omum
1690 3499 1760 3588 pro
1781 3467 1904 3588 aliqua
1926 3495 2062 3554 neces-

291 3610 297 3621 ‘
431 3589 538 3676 sitate
569 3585 706 3719 aliqrrid
740 3601 911 3672 tenentur
941 3588 1023 3698 (sic)
1056 3587 1147 3697 dare
1169 3602 1234 3674 aut
1254 3589 1420 3692 soluere,
1451 3589 1520 3676 sed
1542 3587 1616 3676 sint
1635 3617 1703 3704 per
1723 3588 1848 3677 omnia
1868 3582 1992 3672 liberi:
2024 3595 2063 3669 et

431 3734 541 3793 omne
562 3704 760 3790 seruicium
782 3702 884 3820 quod
905 3705 1025 3790 mansi
1044 3705 1104 3790 ali'
1128 3705 1279 3792 soluere
1301 3718 1471 3791 tenentur
1480 3711 1566 3822 jure
1583 3705 1809 3810 thermaico,
1830 3703 1889 3790 isti
1904 3697 2062 3820 predicti
2104 3709 2110 3720 '

432 3837 508 3910 tres
529 3820 649 3910 mansi
669 3821 792 3907 onmia
813 3833 966 3906 teneant
985 3835 1022 3908 ct
1042 3737 1190 3910 suivant
1220 3821 1271 3907 ad
1291 3821 1566 3910 illuminandam
1587 3821 1787 3910 ecclesiam
1807 3821 1919 3910 beate
1939 3817 2062 3907 Marie

489 4181 496 4194 ι
532 4101 571 4245 ψ
600 4099 744 4198 ΕμψιιΙο
760 4099 934 4198 epthcntipa
951 4100 1181 4180 membranacea
1195 4101 1239 4166 nr.
1251 4101 1378 4198 toeephi
1393 4053 1527 4168 Ruriceii
1542 4057 1676 4188 proprio.
1691 4101 1738 4170 oe
1750 4101 1856 4180 tribuo,
1871 4121 1949 4188 quae
1963 4099 2062 4169 cidem

432 4182 536 4249 [uorcu
549 4204 573 4246 n
589 4204 690 4280 serron
706 4188 794 4252 ruber
808 4185 919 4252 eoloris
935 4193 1187 4271 emensurarent,
1209 4187 1329 4270 sigiliis,
1352 4206 1447 4251 unum
1463 4195 1582 4254 tantum
1595 4195 1690 4252 restat
1703 4188 1868 4252 rotundum
1884 4186 2062 4271 oblongum,

431 4263 609 4363 quodpetsr
624 4267 710 4333 ratde
725 4270 765 4334 sit
778 4271 911 4366 laesum,
933 4269 1006 4334 satis
1024 4277 1129 4334 tamen
1152 4269 1231 4334 ctare
1253 4269 1383 4368 effigiem
1407 4272 1519 4380 strutipu
1534 4271 1714 4370 abbatissae
1737 4271 1907 4387 lituumque
1928 4267 2060 4336 tonantis

431 4351 1636 4586 '‘⁹¹⁸⁰tp‘tttttttttttttetmtttttttttsttrttnttnnttttt
1650 4439 1677 4503 n
1689 4362 1883 4504 iiiiii„
1898 4402 2062 4503 nomn

433 4518 472 4587 ad
493 4519 550 4586 Via
573 4539 640 4586 rum
664 4516 721 4584 nita
742 4517 1116 4600 Volaticosissstfietrictuc,
1140 4543 1192 4590 sex
1209 4521 1352 4588 milliariis
1367 4543 1385 4588 a
1400 4523 1579 4590 Vratisteria
1601 4523 1732 4588 diatame
1753 4521 1801 4606 agi
1825 4529 1946 4606 putem,
1968 4541 2007 4587 an
2023 4519 2062 4586 dc
2153 4563 2163 4582 .

433 4600 552 4669 laboez
567 4625 643 4691 pago
661 4599 895 4689 Wyskoczensis
911 4601 1088 4686 parochiae,
1109 4606 1241 4692 regionis
1256 4605 1451 4672 Costenensis
1467 4607 1497 4675 in
1512 4607 1628 4690 Magno
1643 4607 1766 4672 Ducatu
1779 4605 1978 4674 Poeninicnsi
1992 4605 2063 4682 rito,

432 4707 473 4754 an
488 4686 668 4779 deniquede
680 4686 815 4786 quodam
830 4685 891 4784 alio
906 4685 1091 4782 ipco'rimilis
1105 4689 1247 4770 nominis,
1260 4689 1326 4775 ipsc
1341 4711 1460 4778 mecum
1474 4689 1592 4772 dubito,
1606 4710 1701 4776 quum
1716 4697 1846 4776 uterque
1861 4689 1945 4758 iocur
1959 4710 1978 4754 a
1992 4687 2061 4756 vitia

437 4769 552 4836 Otcbolc
570 4773 653 4835 15⁰¹¹⁰
669 4773 787 4838 circiter
802 4769 946 4836 mriirerns
960 4777 999 4834 art
1012 4779 1156 4835 remotus.

535 4854 575 4938 (³)
607 4853 721 4930 ototor
736 4857 802 4923 villa
818 4853 998 4942 parochiam
1014 4854 1043 4920 in
1059 4855 1103 4922 Μ.
1118 4855 1238 4924 Ducctu
1253 4858 1461 4940 Pospanicuei,
1475 4855 1726 4927 Odotnnorinnis
1741 4855 1880 4944 regionis.
