4788 5926
1103 735 1349 808 ..ημ-

1145 1029 1304 1144 XLlll.

491 1302 871 1399 azamensem.
896 1299 1082 1405 (anm
1108 1297 1285 1404 1254)
1312 1299 1406 1384 ose
1430 1297 1523 1412 ro.
1549 1319 1619 1384 ω.
1644 1225 1964 1385 nmmo.

411 1505 562 1596 opusc
576 1505 680 1580 totos
694 1461 876 1578 normann
891 1503 932 1576 8¹¹
945 1503 1030 1576 Ponti
1043 1503 1246 1579 lotariensis
1259 1501 1397 1592 tegatur
1412 1501 1626 1593 tpoctolicun,
1641 1501 1823 1574 coenobium
1837 1501 2042 1592 ametimo-

410 1626 476 1680 mm
489 1604 773 1680 ducrdnoconoinrn
785 1605 913 1698 ejnscno
924 1605 1007 1677 tono
1016 1603 1048 1676 in
1058 1603 1263 1694 patrocinium
1274 1620 1365 1675 ounnn
1375 1603 1496 1694 recipit,
1511 1603 1608 1696 omno
1619 1601 1857 1696 heliopiocopo
1871 1599 2043 1678 tlnorncnd

412 1713 446 1780 ot
460 1707 572 1780 tutati
583 1707 765 1780 mormandi
778 1706 1013 1798 tlpctnoconuis¹
1030 1703 1247 1778 executionem
1261 1721 1429 1794 poenorum
1443 1701 1728 1777 ecclesiasticorum
1742 1705 1850 1778 contm
1862 1703 2042 1777 mucuns

866 1808 954 1899 pecu
967 1807 1149 1880 monumntl
1163 1805 1349 1916 lndtctnmrn
1364 1803 1532 1878 committit
1544 1806 1595 1891 (¹).

514 2031 729 2118 Venerabili
751 2034 788 2118 in
811 2029 960 2118 Christo
991 2031 1086 2148 patri
1107 2027 1168 2115 dei
1190 2030 1323 2148 gracia
1342 2025 1643 2147 Archiepisoopo
1667 2026 1881 2114 Gnesnensi
1912 2043 1949 2115 et
1969 2028 2044 2116 dis-

415 2166 519 2237 creto
542 2179 588 2236 ac
609 2150 789 2269 religioso
810 2151 892 2236 viro
918 2148 1057 2237 Abbati
1077 2149 1292 2264 monasterij
1315 2147 1363 2232 de
1389 2151 1572 2234 Waacoclc
1592 2145 1879 2260 czysteroiensis
1901 2145 2043 2236 ordinis

387 2268 682 2355 ·Craooviensis
724 2267 924 2356 dioceseos
955 2269 1083 2354 llrater
1100 2302 1101 2310 Ν
1119 2265 1245 2382 Opino
1276 2265 1493 2352 monasterii
1534 2261 1582 2351 de
1611 2269 1772 2352 Mezono
1791 2259 1848 2374 (²)
1889 2263 2043 2369 Abbas‚

409 2385 622 2502 apostolice
639 2385 740 2474 sadis
757 2385 928 2501 Legatos
945 2386 980 2472 in
997 2415 1091 2472 vero
1108 2383 1262 2471 salutari
1280 2385 1450 2471 salutem.
1483 2381 1601 2468 tuscis
1617 2381 1829 2499 petencium
1846 2380 2044 2520 desiderip's

412 2502 565 2622 dignum
603 2519 687 2609 est,
724 2533 795 2589 nos
831 2504 976 2588 facilem
1012 2504 1173 2618 prebere
1209 2530 1458 2600 consensum,
1506 2513 1541 2583 et
1574 2514 1684 2604 vota,
1732 2529 1805 2617 que
1835 2501 2043 2587 acacianis

413 2621 557 2705 tramite
579 2649 653 2704 non
675 2617 914 2722 discordant,
947 2619 1080 2704 ellectu
1103 2630 1357 2734 prosequente
1378 2617 1581 2734 complere.
1633 2615 1726 2703 lnde
1747 2630 1824 2722 est,
1848 2617 1949 2734 quod
1971 2647 2044 2706 nos

262 2841 270 2850 .
412 2735 733 2852 postulacionibus
773 2735 886 2846 iustis.
919 2748 957 2822 et
992 2736 1168 2852 precibus
1209 2736 1373 2822 virorum
1404 2731 1671 2822 venerabilium
1712 2749 1749 2824 et
1778 2735 2045 2966 relipicsorum

413 2852 572 2940 Abbatis
607 2869 644 2938 et
664 2865 873 2938 conventus
904 2851 1064 2940 ecclesie
1095 2866 1226 2939 sancte
1254 2851 1376 2937 Mario
1411 2850 1459 2938 de
1493 2856 1738 2964 Czuruoyenslc
1773 2853 1850 2965 (sie
1901 2852 2044 2941 ordinis

413 2973 534 3064 saneti
555 2971 755 3090 Augustini
777 2969 1000 3057 Ploozcnsis
1031 2969 1254 3082 dioceseos,
1283 2977 1396 3088 grato
1413 2970 1684 3056 convenientes
1705 2999 1888 3078 assensn,
1920 2973 2045 3059 eccle-

414 3090 506 3179 siam
528 3089 647 3204 ipsam
669 3119 754 3176 cunr
776 3087 948 3180 omnibus
967 3089 1078 3178 bonis
1099 3087 1178 3177 suis
1195 3087 1392 3176 mobilibus
1413 3105 1450 3175 et
1466 3087 1723 3192 immobilibus,
1744 3115 1818 3204 que
1838 3089 2046 3224 largicione

194 3235 197 3242 ’
346 3299 349 3304 ,
414 3205 475 3322 pia
498 3205 747 3324 quorumlibet
766 3205 929 3296 lidelium
951 3204 999 3293 de
1019 3208 1100 3292 iure
1120 3205 1335 3324 possident,
1356 3207 1416 3292 vel
1437 3206 1510 3294 alio
1533 3207 1629 3293 iusto
1647 3205 1761 3294 modo
1777 3209 2045 3341 acquisierunt,

415 3321 669 3429 iamdudum,
700 3338 737 3412 et
757 3349 830 3436 que
851 3338 937 3412 sunt
958 3325 1013 3412 eis
1044 3355 1113 3442 per
1132 3324 1393 3413 Rornanorum
1424 3323 1648 3412 Pontificum
1680 3323 1876 3442 privilegia
1907 3323 2044 3412 conlir·

413 3438 592 3554 mata(³),
622 3443 694 3530 sub
715 3441 776 3530 dai
797 3456 834 3528 et
853 3459 983 3531 nostra
1003 3445 1247 3559 proteceiono
1268 3444 1506 3559 suscipimus,
1529 3456 1565 3527 et
1582 3441 1793 3562 specialiter
1813 3436 2044 3559 prebendam

413 3557 636 3646 Ploczensis
658 3561 820 3647 ecclesie
852 3562 1004 3648 maioris
1026 3591 1111 3647 cum
1134 3562 1334 3668 thaberna,
1376 3576 1413 3649 et
1432 3561 1540 3648 aliam
1562 3557 1795 3680 prebendam
1826 3589 1911 3648 oum
1933 3561 2044 3677 perti-

413 3677 556 3792 nencijs
578 3677 656 3765 suis
688 3677 725 3762 in
746 3674 908 3764 ecclesia
939 3680 1060 3766 sancti
1089 3677 1308 3787 Michaelis3
1345 3681 1576 3797 sartaginem
1606 3679 1696 3766 salis
1727 3679 1763 3764 in
1784 3683 2044 3791 Spoponttlco,

359 3867 363 3874 .
413 3791 579 3880 decimas
611 3794 732 3880 tocius
763 3793 1043 3908 Czurwyenslr,
1074 3810 1111 3881 et
1142 3797 1264 3882 lacum
1295 3809 1413 3883 totum
1433 3797 1481 3882 ibi
1502 3799 1602 3882 iuxta
1633 3798 1813 3912 positum,
1846 3799 1909 3914 qui
1937 3797 2045 3885 vicus

327 3983 334 3992 .
355 3935 374 4002 ,·.
412 3911 608 4030 wlgariter
623 3910 842 4029 appellatur,
860 3926 896 3998 et
910 3910 1093 3997 incudem
1111 3913 1249 4028 Czyrw
1278 3913 1372 3999 enslr
1387 3912 1570 3998 decimum
1587 3943 1725 4001 nonum
1742 3915 1862 3999 lorum
1879 3909 2045 4016 taberne,

348 4068 353 4132 f
414 4027 599 4116 decimam
622 4058 759 4115 nonam
780 4057 947 4116 marcam
969 4028 1209 4134 iudiciorum,
1241 3944 1424 4115 decimam
1445 4045 1595 4140 noctem
1625 4033 1662 4116 in
1683 4032 1875 4136 clausura,
1908 4060 2045 4118 nonam

343 4185 349 4266 ξ
415 4158 451 4228 et
472 4143 654 4232 decimam
676 4146 757 4256 (sic)
774 4175 933 4253 navem,
966 4145 1150 4234 decimum
1171 4146 1356 4264 poletrum
1377 4146 1425 4232 de
1446 4177 1571 4267 grege
1593 4146 1729 4235 domini
1750 4147 1931 4267 Episcopi
1952 4148 2045 4236 Plo·

343 4293 348 4304 ·
414 4261 583 4366 ozensis3
605 4267 772 4364 Sedlocz,
795 4271 971 4366 Porlo'oo,
997 4269 1185 4366 cenom,
1211 4268 1461 4370 Gomoolewm
1487 4271 1703 4369 Clumclewo,
1725 4273 1877 4369 Boline,
1903 4272 2046 4370 Olcino,

468 4609 475 4624 .
515 4527 554 4612 (¹)
587 4527 632 4594 Er
654 4525 780 4625 antiquo
800 4531 854 4594 1⁰⁰
872 4529 949 4594 libro
965 4532 1190 4618 privilegiorum
1211 4531 1350 4598 coenobii
1373 4529 1628 4612 Crominscensis,
1651 4553 1731 4598 nunc
1746 4531 1777 4598 in
1794 4531 1976 4600 bibliotheca
1991 4529 2046 4596 Za·

415 4613 579 4696 mopscianc
594 4614 758 4679 Varsoume
774 4621 945 4689 asservato,
969 4635 998 4698 p.
1023 4617 1191 4682 roa-104
1206 4615 1402 4700 descriptum.

515 4695 556 4779 (²)
586 4697 716 4763 Abbatia
727 4697 901 4763 monasterii
917 4695 956 4762 sn
971 4699 1056 4764 Pauli
1074 4701 1271 4768 Maoanicnsis
1284 4701 1312 4766 in
1322 4701 1417 4782 ltalia,
1432 4699 1501 4768 olim
1516 4698 1757 4768 Placentiaenoio
1772 4675 1957 4768 dioeceseos.
1980 4699 2046 4766 vid.

413 4778 537 4844 Butler.
553 4781 801 4860 Fronm'ceonum,
816 4783 853 4851 Τ.
866 4781 903 4846 11.
918 4803 946 4868 p.
964 4781 1033 4848 181.

516 4861 556 4948 (³)
586 4864 672 4931 Conl.
685 4865 810 4933 Adriani
827 4865 927 4969 Papae
941 4865 993 4948 IV.
1010 4866 1199 4952 privilegium
1215 4869 1285 4936 anni
1302 4871 1385 4937 1155
1402 4871 1456 4938 ll‘⁰
1469 4813 1522 4934 lll.
1537 4869 1744 4956 praemissum.
