4912 5924
1005 677 1384 768 ..ΛΜ-

434 903 595 989 omnium
623 899 755 1020 Regni
780 897 898 985 nostri
917 894 1184 1010 palatinorum,
1200 890 1526 1004 castellanorum,
1550 889 1739 1008 judicum,
1772 891 2008 982 subiudicum
2029 911 2068 984 et

432 1017 722 1108 ministerialium
752 1013 990 1118 eorumdem,
1023 1011 1124 1131 quod
1153 1030 1284 1096 coram
1311 1004 1403 1126 ipsis
1431 1023 1495 1095 aut
1519 1008 1643 1126 aliquo
1666 1039 1816 1114 eorum,
1846 1039 1918 1125 pro
1938 1015 2066 1122 causis

433 1151 507 1224 tam
530 1135 677 1255 magnis
699 1162 810 1252 quam
830 1130 980 1248 paruis,
1012 1142 1120 1246 puta:
1151 1129 1256 1232 furti,
1288 1124 1485 1242 homicidij,
1517 1126 1780 1237 (mutilationis)
1802 1130 2065 1236 membrorum,

433 1255 656 1373 sanguinis·
676 1248 926 1368 etquibusuis
947 1247 1030 1365 alijs
1050 1247 1165 1351 citati,
1196 1243 1667 1360 mimmenespondebunt,
1687 1273 1760 1330 neo
1779 1235 1930 1363 aliquas
1946 1272 2066 1364 penas

333 1381 339 1390 '
433 1373 583 1472 soluere
603 1369 847 1477 tenebuntur,
878 1366 947 1454 sed
974 1367 1120 1452 'tantum
1152 1365 1347 1449 lrmetones
1378 1392 1461 1448 oum
1493 1362 1583 1478 alijs
1608 1361 1740 1458 incolis
1770 1363 1855 1450 villo
1885 1364 2066 1484 predicte,
2154 1368 2161 1376 ’

433 1475 561 1576 coram
582 1485 683 1575 dicto
712 1483 831 1573 Petro
854 1501 890 1571 et
911 1479 989 1571 suis
1010 1483 1199 1602 legitimis
1221 1477 1529 1587 successoribuS,
1561 1478 1700 1565 Petrus
1721 1509 1813 1568 vero
1835 1495 2065 1572 memoratus

432 1622 470 1696 et
490 1635 740 1693 successores
762 1605 819 1692 sui
840 1602 1007 1723 legittimi
1029 1630 1159 1687 coram
1180 1600 1307 1704 nobis,
1339 1611 1404 1685 aut
1423 1612 1553 1684 nostro
1575 1593 1710 1684 iudicio
1762 1600 1910 1704 enerali,
1931 1601 1964 1688 si
1985 1599 2066 1688 dic-

432 1739 494 1810 tus
528 1723 668 1812 Petrus
704 1737 769 1808 aut
803 1722 860 1807 'sui
896 1748 1144 1806 successores
1180 1719 1216 1803 in
1247 1711 1443 1802 reddenda
1461 1717 1624 1802 iusticia
1660 1625 1898 1850 negligentes
1931 1717 2069 1809 luerint
2183 1829 2186 1838 Ι

310 1923 311 1928 Ν
432 1843 493 1928 uel
524 1841 693 1954 remissi,
722 1838 810 1946 dnm
833 1855 955 1940 tamen
976 1866 1044 1954 per
1065 1833 1207 1923 literam
1228 1848 1415 1938 nostram,
1447 1847 1579 1920 nostro
1601 1833 1632 1920 si
1664 1829 1724 1920 illo
1746 1834 1946 1953 sigillatam
1966 1837 2066 1924 citati

433 1959 587 2068 luerint,
619 1969 708 2046 tunc
730 1987 809 2062 nou
827 1951 952 2060 aliter,
983 1985 1095 2074 quarn
1109 1953 1197 2072 jure
1219 1981 1289 2040 suo
1310 1950 1526 2039 theutonico
1555 1863 1702 2038 cuilibet
1723 1949 1770 2036 de
1792 1981 1836 2038 se
1858 1952 2066 2071 querulanti

436 2077 486 2166 ad
509 2075 657 2164 obiecta
678 2073 913 2192 respondere
935 2074 1007 2160 sint
1021 2071 1172 2159 astricti.
1203 2071 1246 2158 ln
1263 2069 1388 2158 causis
1408 2098 1500 2156 vero
1522 2068 1774 2163 criminalibus¹
1793 2085 1830 2156 et
1845 2072 2065 2187 capitalibus

432 2190 605 2312 superius
636 2193 885 2312 expressatis,
915 2189 1073 2278 scolteto
1095 2186 1299 2276 dinteville
1329 2201 1366 2273 et
1386 2189 1675 2276 successoribus
1697 2187 1777 2274 suis
1797 2181 2063 2297 sentenciandi,

350 2319 352 2324 ’
430 2307 668 2430 corrigendi,
700 2308 883 2428 puniendi
906 2306 945 2396 et¹
973 2303 1274 2424 condempnandi
1304 2301 1439 2392 damus
1473 2320 1510 2391 et
1539 2303 1782 2393 concedimus
1802 2306 2008 2424 plenariam
2028 2323 2065 2396 et

432 2428 687 2519 omnimodam
704 2426 935 2532 facultatem,
967 2441 1079 2542 prout
1105 2425 1180 2512 boc
1199 2423 1545 2542 justbeutonicum
1567 2425 1603 2509 in
1625 2423 1797 2512 omnibus
1819 2425 1896 2511 suis
1916 2425 2063 2542 punctis

432 2546 631 2652 clausulis,
667 2543 851 2644 articulis,
888 2543 1110 2660 sentenoijs‚
1142 2539 1425 2664 condicionibus
1455 2541 1624 2660 postulat
1654 2556 1690 2628 et
1720 2571 1761 2626 re
1790 2543 1891 2648 uirit,
1916 2542 2065 2656 juribus

431 2668 571 2754 nostris
591 2661 785 2782 regalibus
806 2663 842 2747 in
865 2660 1036 2748 omnibus
1058 2691 1208 2777 semper
1229 2656 1354 2745 saluis.
1404 2658 1588 2746 Preterea
1620 2658 1740 2746 dictus
1765 2573 1908 2774 l³elrus
1940 2673 1979 2745 et
2006 2662 2064 2750 sui

432 2801 681 2869 successores
702 2777 879 2900 legittimi,
907 2777 1077 2864 libertate
1098 2779 1240 2894 elapsa,
1263 2807 1347 2865 oum
1369 2807 1444 2864 una
1463 2776 1599 2864 balista
1620 2778 1655 2863 in
1678 2807 1775 2894 equo
1796 2778 1894 2886 bene
1914 2775 2073 2886 valenti,¹

431 2894 481 2986 ad
513 2897 715 3018 quamlibet
745 2895 1028 3014 expedicionem
1059 2897 1106 2982 sit
1134 2911 1309 3013 paratus,
1341 2891 1628 2983 ackmetboues
1650 2925 1852 3012 perunum
1873 2892 2062 3002 fertonem,

430 3015 512 3103 siue
533 3013 734 3103 duodecim
755 3045 919 3136 grossos
940 3043 1154 3218 pralpeuses
1176 3013 1333 3133 singulis
1353 3013 1462 3101 annis
1483 3014 1592 3100 nobis
1614 3028 1651 3100 et
1671 3015 1810 3102 nostris
1827 3010 2063 3102 successori·

429 3134 502 3222 bus
530 3131 682 3221 soluere
707 3135 779 3221 siut
799 3134 951 3242 astricti.
1042 3161 1168 3244 arum,
1202 3131 1335 3250 quibus
1367 3131 1528 3252 sigillum
1558 3144 1726 3236 nostrum
1759 3161 1967 3249 appensum
1994 3147 2062 3239 est,

388 3349 394 3358 ,
430 3252 641 3338 testimonio
663 3251 862 3337 literarum.
907 3251 1040 3336 Actum
1061 3252 1098 3335 in
1119 3246 1408 3361 Zuoouiozeff),
1440 3251 1523 3367 ipso
1545 3248 1606 3335 die
1626 3247 1725 3336 beati
1746 3247 1941 3366 Laurencij
1963 3278 2061 3334 mar-

432 3369 535 3484 tyris,
557 3397 655 3454 anno
677 3369 815 3455 domini
836 3364 1028 3454 millesimo
1051 3369 1311 3454 trecentesimo
1334 3368 1581 3484 nonagesimo
1599 3364 1781 3454 secundo.
1817 3365 2061 3478 Presentibus

430 3485 513 3603 hijs:
529 3485 611 3573 Duo
644 3487 746 3573 ossio
759 3485 894 3572 Judice
907 3485 1162 3591 Cracouiensi,
1179 3483 1390 3573 Przibislao
1408 3484 1658 3601 Sub'dapilero
1672 3481 1885 3588 Kalisieusi,
1900 3477 2062 3572 Nicolao

429 3597 595 3692 Wanzik
613 3516 681 3690 lta
713 3605 804 3692 istro
826 3605 986 3721 coquina
1006 3619 1146 3711 nostre,
1167 3601 1388 3690 lascboone
1409 3601 1546 3705 Radlo,
1571 3603 1791 3708 dascboonc
1812 3599 2062 3718 Kuropatwa,

430 3711 603 3829 Hinczlra
623 3634 980 3808 del³rzemancovo
1000 3720 1158 3838 alijsque
1177 3721 1298 3808 multis
1320 3721 1459 3808 nostris
1480 3719 1651 3806 fidelibus
1666 3717 1741 3806 lide
1758 3715 1893 3838 dignis,
1924 3714 2059 3806 Datum

429 3859 499 3958 per
520 3869 653 3927 manus
674 3839 902 3940 honorabilis
921 3836 1073 3927 Zaclice
1096 3839 1319 3956 Cancellarij
1340 3839 1427 3960 aule
1446 3853 1587 3946 nostre,
1608 3837 1731 3926 fidelis
1752 3839 1870 3926 nostri
1891 3835 2027 3946 dilecti.

436 4061 450 4074 '¹
532 4087 574 4173 (²)
602 4071 756 4156 annom
771 4089 838 4158 rilla
853 4087 1041 4158 Palatinutus
1056 4087 1263 4157 cracoviensis
1277 4087 1421 4156 territorii
1437 4109 1509 4158 vero
1525 4085 1768 4156 Mieoboviensis.
1805 4079 1822 4156 .'
