4778 5952
1119 710 1396 788 -attu-

832 971 836 980 ’
949 1003 962 1024 ·
1155 1015 1355 1132 curru.

311 1413 317 1422 ι
469 1285 543 1366 m
569 1278 782 1382 wareo
813 1233 1114 1374 otmar,
1136 1195 1299 1362 ‘anno
1324 1275 1469 1364 1414
1494 1275 1547 1362 a.
1573 1275 1611 1362 s
1634 1275 1838 1362 msa
1862 1277 2041 1376 uma

435 1481 747 1563 macomus
760 1481 987 1556 noxrumu
1000 1477 1464 1668 sourffiuqqqquana
1481 1447 1862 1582 naumann·
1876 1498 1936 1558 ω
1950 1481 2072 1552 orna

1201 1599 1244 1656 bn
1264 1599 1276 1652 l
1323 1586 1330 1624 ¹
1349 1636 1358 1653 .
1659 1632 1662 1638 ,
2059 1638 2064 1652 .

471 1905 474 1916 ,
538 1804 773 1895 Wladislaus
794 1801 855 1892 dei
874 1807 1009 1926 gracia
1033 1803 1120 1894 Rex
1141 1803 1321 1910 polonie,
1351 1801 1635 1926 Lythvanieque
1666 1803 1851 1922 Princeps
1871 1836 2071 1926 supremus

436 1939 475 2013 et
494 1923 607 2026 heres
627 1923 770 2012 Russie
785 1939 855 2010 etc.
891 1922 1156 2043 Signilicamus
1177 1937 1307 2034 tenore
1328 1924 1575 2040 presencium,
1598 1925 1733 2046 quibus
1755 1922 1907 2041 expedit
1924 1924 2072 2013 uniuer-

436 2045 510 2132 sis..
554 2041 761 2158 Quomodo
789 2041 1025 2129 attendentes
1056 2071 1150 2160 pure
1172 2039 1362 2129 'fidelitatis
1389 2041 1669 2146 constanciam,
1700 2057 1738 2159 et
1757 2043 1964 2138 constantis
1985 2041 2098 2132 lidei·

437 2162 577 2268 merita,
599 2161 952 2278 quibusstrennuus
967 2159 1153 2248 Martinus
1170 2157 1220 2244 de
1235 2163 1404 2281 Stagoslco
1421 2157 1648 2277 Subdapiler
1663 2160 1949 2267 Poznaniensis,
1964 2159 2069 2249 miles

436 2294 568 2368 noster
587 2275 730 2384 fidelis,
762 2275 871 2366 nobis
900 2278 1125 2394 complacuit
1154 2277 1247 2366 etin
1268 2278 1429 2365 futurum
1450 2292 1564 2365 aucto
1584 2277 1770 2366 fidelitatis
1791 2273 1916 2366 studio
1937 2279 2072 2396 poterit

437 2395 695 2513 complacere:
726 2394 860 2484 horum
888 2395 1017 2484 intuitu
1045 2397 1216 2485 volentes
1247 2395 1368 2514 ipsum
1399 2396 1617 2515 graciarum
1648 2411 1861 2484 nostrarum
1890 2426 2009 2515 prose
2035 2397 2070 2482 ui

437 2516 650 2620 lenonibus,
681 2513 786 2602 etad
809 2527 939 2602 nostra
960 2511 1144 2634 obsequia
1166 2512 1329 2601 reddere
1348 2513 1617 2631 promciorem,
1645 2515 1716 2602 sibi
1737 2515 1774 2601 in
1794 2527 1831 2636 et
1851 2429 2071 2631 super'villa

437 2649 570 2721 nostra
601 2635 764 2731 Cetcuo,
796 2633 831 2716 in
854 2631 973 2718 Terra
995 2629 1153 2719 lllaioris
1174 2631 1333 2718 Polonie
1354 2644 1392 2717 et
1411 2629 1590 2720 Distriotu
1614 2631 1810 2720 Calisiensi
1831 2632 1921 2736 sita,
1942 2632 2071 2750 viginti

438 2777 590 2838 marcas
610 2749 753 2835 numeri
775 2761 813 2833 et.
832 2747 1013 2866 ponderis
1033 2748 1317 2868 polonicalium,
1349 2747 1600 2870 quadraginta
1621 2762 1708 2838 octo
1728 2777 1891 2868 grossos
1911 2749 1947 2832 in
1964 2765 2069 2836 'mar-

440 2897 525 2956 cam
547 2866 748 2984 quamlibet
768 2865 1040 2985 computando,
1072 2896 1157 2953 cum
1178 2867 1351 2984 omnibus
1372 2882 1409 2954 et
1429 2867 1586 2987 singulis
1605 2867 1722 2986 ipsius
1741 2865 1826 2956 ville
1846 2861 2074 2972 utilitatibus,

438 2985 630 3088 lructibuS,
651 2983 839 3090 censibus,
860 2983 1068 3076 redditibus
1085 2999 1122 3073 et
1135 2985 1381 3103 prouentibus
1397 2987 1594 3092 uniuersis,
1615 2981 1664 3072 ad
1680 2985 1799 3102 ipsam
1815 2981 2072 3102 spectantibus

442 3101 726 3223 quomodolibet
756 3099 805 3187 ab
836 3101 1012 3220 antiquo,
1043 3101 1198 3209 damus,
1230 3101 1415 3190 donamus
1436 3118 1473 3190 et
1492 3104 1715 3191 ascribimus
1741 3101 1977 3218 presencium
2030 3130 2074 3192 er

437 3234 618 3325 tenorem,
639 3221 842 3337 peripsum
859 3220 1083 3329 habendam,
1106 3221 1316 3326 tenendam,
1334 3220 1579 3309 utilruendam
1597 3237 1633 3308 et
1647 3219 1807 3338 pacilice
1823 3217 1981 3337 posiden
2009 3249 2069 3306 am

439 3339 522 3451 (sic)
545 3337 703 3442 tamdiu,
736 3368 934 3458 quousque
954 3339 1023 3425 sibi
1045 3339 1102 3426 uel
1125 3338 1415 3426 successoribus
1436 3341 1533 3447 suis,
1588 3371 1629 3426 er
1648 3369 1727 3426 nos
1741 3338 1801 3425 uel
1822 3367 2070 3424 successores

437 3471 590 3544 nostros
621 3457 751 3576 viginti
777 3487 906 3543 marce
933 3455 1102 3574 predicte
1130 3458 1265 3544 luerint
1291 3455 1493 3576 persolute.
1546 3371 1693 3574 &uibus
1721 3453 1873 3560 solutis,
1902 3451 2070 3589 predicte

437 3575 523 3661 ville
544 3574 720 3693 posessio
742 3571 844 3684 (sic),
875 3573 925 3662 ad
948 3606 1020 3663 nos
1041 3590 1079 3662 et
1098 3574 1147 3661 ad
1169 3588 1321 3662 nostros
1345 3605 1594 3664 successores
1616 3573 1747 3662 redire
1779 3571 1930 3660 debebrt
1959 3571 2070 3691 pleno

432 3695 530 3810 jure.
590 3691 631 3776 ln
663 3692 768 3776 ouius
803 3691 905 3816 Regi
942 3693 1037 3805 (sic)
1070 3694 1316 3780 testimonium
1348 3693 1511 3812 sigillum
1540 3706 1720 3781 nostrum·
1744 3690 1982 3808 presentibus
2012 3699 2071 3776 est

437 3839 634 3930 apeusum.
688 3805 879 3895 Daciones
901 3840 993 3896 vero
1024 3823 1061 3896 et
1079 3810 1383 3898 contribuciones
1415 3811 1624 3898 stacionum
1655 3808 1785 3898 solitas
1809 3823 1848 3894 et
1867 3821 2070 3894 consuetas

358 3979 362 3986 ·
436 3958 509 4046 pro
530 3925 640 4016 nobis
661 3953 911 4013 reseruemus.
953 3925 1089 4013 Datum
1111 3925 1148 4014 in
1172 3931 1373 4038 Oborm’lcj
1390 3929 1480 4016 leria
1503 3929 1618 4016 tercia
1637 3928 1806 4046 proxima
1828 3941 1916 4012 ante
1934 3927 2068 4012 festum

438 4045 621 4164 Corporis
643 4041 791 4146 Christi,
813 4071 913 4130 anno
934 4039 1072 4131 domini
1094 4043 1287 4133 millesimo
1309 4044 1682 4166 quadringentesimo
1704 4059 1839 4165 quarto
1860 4041 2019 4131 decimo.

539 4161 701 4270 Relacio
722 4160 861 4249 domini
882 4161 1019 4280 Donyn
1040 4159 1167 4284 Regni
1188 4156 1349 4252 Polonie
1369 4162 1714 4288 Vioecancellarij4
1790 4171 1791 4178 ‘

472 4445 477 4454 ¹
540 4410 579 4498 [¹]
608 4411 754 4481 Etabula
774 4413 945 4480 authentica
958 4401 1201 4481 'mambranaceo
1222 4414 1254 4480 in
1275 4413 1467 4481 Varsariansi
1489 4413 1639 4480 tabulario
1660 4411 1781 4500 publico
1802 4411 1898 4502 Regni
1916 4405 2067 4507 l’oloniae

436 4499 490 4568 ΗΝ
504 4495 568 4564 344
583 4505 742 4566 asservata.
778 4498 916 4586 Sigillum
932 4497 1018 4566 deest
1032 4507 1171 4586 superest
1182 4507 1301 4567 tanturn
1316 4499 1448 4567 taeniola
1463 4517 1657 4584 pergamena.
1692 4495 1810 4564 Tabula
1824 4503 1966 4596 procusa
