4780 5922
1028 772 1131 810 .·-
1189 735 1261 810 150
1315 772 1383 818 -,

350 1007 353 1014 .
409 953 478 1043 est,
501 916 538 1026 ul
560 943 743 1058 scripture
765 938 974 1026 testimonio
995 937 1206 1025 roboretur.
1247 935 1442 1042 Hinc'est,
1465 935 1568 1054 quod
1589 965 1661 1024 nos
1684 935 1959 1054 Wladysslausv
1972 918 2035 1057 dej

407 1061 541 1176 gracia
562 1059 648 1143 Dux
674 1058 914 1172 Syradiensis
935 1069 972 1144 et
994 1053 1265 1171 Cuyauiensis,
1298 1053 1577 1141 ordinacionem
1600 1057 1680 1141 siue
1700 1060 2035 1146 commutacionem

245 1233 252 1242 -
383 1255 385 1258 .
407 1175 652 1262 hereditatum
674 1205 757 1261 eum
779 1177 868 1264 viris
887 1176 1084 1294 religiosis,
1106 1173 1258 1260 domino
1279 1172 1429 1261 Abbate
1452 1172 1626 1261 Gerardo
1643 1189 1681 1261 et
1696 1191 1881 1264 conventu
1899 1175 2036 1271 domus

406 1291 617 1380 Lendensis
647 1295 822 1398 lecimus3
848 1293 991 1380 ‘dantes
1021 1291 1163 1379 eisdem
1193 1291 1421 1378 hereditates
1450 1306 1623 1396 nostras,
1661 1323 1734 1410 que
1764 1301 1973 1381 Neaodnici
1997 1309 2035 1380 et

410 1409 642 1522 (testeae)
663 1410 860 1528 wlgariter
880 1425 1151 1528 nuncupantur,
1167 1441 1258 1495 cum
1280 1411 1363 1496 lacu
1387 1410 1448 1526 qui
1472 1415 1596 1524 Goplo
1616 1410 1759 1518 dicitur,
1781 1411 1829 1496 ad
1851 1415 2034 1528 prelatam

405 1529 649 1617 hereditatem
672 1532 913 1648 pertinentem
935 1531 1029 1642 (sic),
1050 1559 1134 1615 cum
1157 1529 1327 1615 omnibus
1347 1529 1571 1633 utilitatibus,
1594 1557 1667 1645 que
1687 1559 1786 1614 nune
1807 1530 1842 1614 in
1858 1532 1914 1615 eis
1934 1544 2034 1636 sunt,

406 1664 471 1735 aut
490 1677 666 1767 umquam
688 1679 775 1735 esse
795 1663 986 1765 poterunt,
1017 1666 1088 1764 pro
1109 1646 1256 1733 duabus
1277 1645 1543 1734 hereditatibus
1565 1649 1748 1767 ipsorum,
1781 1675 1937 1765 quarum
1958 1674 2035 1733 una

410 1771 533 1874 Cloio,
554 1765 670 1854 altera
692 1796 785 1853 vero
805 1763 1022 1878 Hocece(³)
1044 1760 1387 1872 nominatur3'lideli
1409 1764 1622 1852 deuocione
1640 1768 1909 1882 promittentes,
1931 1765 2048 1883 quod·

407 1885 440 1970 si
460 1913 646 2001 umquam,
668 1885 770 2002 quod
791 1885 899 1990 absit,
919 1915 943 1972 a
961 1899 1091 1972 nostro
1112 1881 1276 1970 dominio
1297 1885 1333 1970 in
1349 1883 1592 2000 prejudicium
1611 1883 1865 2000 predictorum
1881 1885 2036 1970 fratrum

406 2002 538 2091 oedem
557 2003 798 2104 hereditates,
828 2032 924 2119 quas
946 2003 1179 2106 contulimus,
1201 2003 1439 2108 recesserint,
1460 2003 1496 2087 in
1517 2015 1648 2088 nostro
1670 2000 1820 2106 ducatu,
1842 1999 1903 2084 ubi
1926 2001 2037 2088 nobis

397 2135 445 2207 et
463 2119 556 2237 ipsis
576 2123 695 2206 visum
716 2123 841 2225 luerit}
862 2122 1045 2236 recipiant
1063 2131 1135 2235 pro
1155 2120 1232 2204 suis
1255 2119 1522 2206 hereditatibus
1543 2120 1771 2233 condignam
1793 2120 2034 2204 mansionem.

405 2237 457 2326 Et
479 2237 565 2354 quia
585 2236 829 2339 hereditates,
863 2265 957 2352 quas
983 2265 1007 2318 a
1028 2235 1230 2352 sepedictis
1250 2237 1425 2320 iratribus
1446 2265 1515 2348 per
1535 2237 1868 2321 commutacionem
1889 2235 2035 2352 recepi·

404 2383 499 2459 mus,
521 2359 672 2440 Clolom
690 2353 863 2439 videlicet
883 2369 920 2438 et
933 2359 1108 2454 raesens,
1129 2351 1353 2469 abantiquo
1374 2353 1487 2468 polite
1508 2367 1595 2440 sunt
1619 2351 1831 2442 omnimoda
1853 2353 2035 2460 libertate,

456 2485 610 2578 testate,
646 2503 719 2588 qua
750 2473 956 2586 fungimur,
993 2471 1218 2556 conlerimus
1249 2469 1427 2586 predictis
1458 2469 1746 2575 hereditatibus,
1779 2499 1877 2586 quas
1908 2471 2034 2588 domuj
2079 2559 2086 2576 ,

404 2503 595 2676 llbodeosi
629 2591 891 2705 assignamus,
929 2591 969 2672 in
1004 2586 1220 2690 remedium,
1251 2586 1456 2674 animarum
1497 2591 1780 2710 progenitorum
1821 2581 2035 2675 nostrorum

340 2815 348 2824 ¹
406 2720 614 2823 nostraque
646 2734 743 2821 pace
774 2735 820 2790 ac
852 2701 990 2810 salute,
1031 2704 1235 2791 libertatem
1271 2703 1320 2790 ab
1352 2708 1451 2791 omni
1482 2709 1560 2791 iure
1590 2704 1808 2822 polonicali‚
1844 2704 2034 2792 videlicet:

407 2852 431 2913 a
440 2855 575 2938 potios,
596 2823 646 2908 ab
663 2824 761 2909 omni
772 2833 930 2935 preuod,
953 2840 1127 2924 astroso,
1149 2832 1273 2924 adon,
1294 2853 1426 2924 noroz,
1441 2835 1674 2936 poduoroue,
1698 2843 1862 2936 torpeas,
1883 2841 2034 2926 mestoc,

395 2975 429 3048 ,a
450 2957 659 3029 castrorum
682 2941 926 3029 edificacione
947 2971 1014 3027 seu
1036 2943 1209 3058 poncium
1230 2942 1498 3066 quorumlibet,
1532 2971 1554 3028 a
1577 2942 1749 3030 custodia
1777 2957 1814 3029 et
1842 2940 2036 3028 solucione

263 3083 276 3102 '
405 3059 667 3166 herodiorum,
701 3060 802 3177 quod
823 3069 929 3145 socol
947 3060 1098 3166 dicitur,
1130 3060 1311 3145 auieinia'
1332 3085 1405 3172 que
1432 3069 1540 3176 opole
1566 3061 1762 3180 wlgariter
1789 3060 2035 3176 nuncupatur,
2066 3079 2069 3088 '

405 3173 462 3266 ab
476 3177 575 3263 omni
597 3179 792 3264 exactione
813 3178 894 3262 siue
915 3175 1145 3296 collectione,
1168 3208 1191 3263 a
1213 3179 1374 3266 uenturis
1397 3193 1433 3264 et
1454 3175 1771 3295 expedicionibuS,
1792 3179 1841 3264 ab
1863 3177 2035 3266 omnibus

405 3294 545 3398 iuribus
577 3295 612 3381 in
635 3292 797 3381 dominio
830 3310 961 3382 nostro
993 3296 1224 3400 constituliS,
1255 3297 1539 3406 quibuscunque
1567 3293 2044 3417 censeamurnomioibus:

405 3411 504 3500 Nulli
522 3443 618 3530 ergo
637 3406 934 3501 Castellanorum
956 3430 1019 3500 aut
1040 3411 1214 3500 lodicum
1238 3413 1273 3500 in
1289 3414 1442 3529 prelatis
1458 3413 1723 3502 hereditatibus
1740 3443 1807 3500 seu
1823 3411 2036 3500 hominibus

406 3532 566 3649 propriis
588 3532 668 3618 siue
690 3532 814 3618 liberis
835 3533 871 3618 in
894 3534 948 3618 eis
970 3531 1298 3636 commorantibus
1319 3531 1376 3619 ius
1397 3531 1547 3642 aliquod
1569 3561 1819 3620 reseruamus.
1854 3530 1933 3616 Sed
1950 3560 2035 3616 cum

406 3649 536 3766 grauis
557 3678 673 3732 causa
695 3649 898 3751 emerserit,
921 3676 994 3758 que
1015 3680 1145 3735 coram
1166 3650 1315 3739 Abbate
1337 3650 1396 3734 uel
1419 3652 1498 3736 eius
1520 3649 1642 3734 iudice
1658 3651 1923 3736 convenienter
1939 3647 2034 3734 dilli-

405 3767 472 3852 niri
504 3793 579 3850 non
612 3767 765 3880 poterit,
802 3764 851 3848 ad
879 3766 1114 3878 presenciam
1140 3781 1308 3850 nostram
1339 3797 1422 3850 cum
1450 3767 1562 3852 anulo
1592 3772 1722 3853 nostro
1751 3766 1855 3861 citari
1887 3764 2034 3869 dehent,
2094 3849 2098 3860 ,

404 3883 643 3970 remittentes.
675 3879 813 3968 Abbati
835 3880 1013 3991 quidquid
1033 3883 1112 3968 iure
1133 3881 1254 3968 iudicii
1276 3885 1444 3970 cesserit.
1478 3884 1714 3972 Conlerimus
1737 3885 1856 3970 eciam
1878 3882 2030 3970 domino

406 4000 562 4103 Abbati,
595 4011 634 4083 ut
661 4029 743 4084 cum
774 3997 1029 4085 universaliter
1056 3999 1209 4085 anobis
1237 4001 1394 4086 interra
1421 4015 1552 4087 nostra
1581 4003 1727 4088 exactio
1760 4002 1840 4086 siue
1871 4001 2032 4086 collecta

404 4119 585 4217 statuitur,
605 4119 686 4233 ipse
707 4119 742 4203 in
764 4118 850 4204 suis.
864 4115 1129 4207 hereditatibus
1149 4143 1221 4235 pro
1242 4147 1287 4204 se
1306 4117 1448 4236 caligat
1468 4135 1506 4205 et
1526 4134 1705 4207 reseruet.
1742 4117 1928 4206 Volumus
1948 4118 2033 4232 (sic)

505 4362 543 4448 (²)
572 4363 650 4429 Villa
664 4363 828 4430 Neooduici
839 4389 895 4432 nec
911 4367 940 4431 io
956 4366 1054 4434 indice
1069 4366 1205 4432 locorum
1221 4369 1365 4434 territorii
1382 4369 1609 4454 Bidgostiensis,
1633 4391 1689 4435 nec
1705 4367 1735 4434 in
1750 4366 1914 4434 recentiori
1929 4363 2033 4430 tabula

423 4449 615 4535 eugraphius,
631 4448 661 4512 io
677 4467 737 4532 qua
753 4449 854 4516 omnia
870 4452 985 4534 singula
1001 4453 1068 4518 loca
1081 4452 1392 4520 luniuladislauiansis·
1402 4456 1533 4540 regionis
1548 4455 1668 4539 depicta
1684 4462 1764 4531 sunt,
1780 4453 1904 4518 inveniri
1921 4457 2032 4536 potest
2159 4499 2161 4505 .

403 4473 479 4602 bun
495 4544 596 4608 huten
621 4533 650 4598 ln
668 4533 836 4621 propinquo
852 4536 934 4600 lacus
957 4535 1003 4599 Gn
1025 4539 1055 4602 tc
1070 4538 1160 4614 dicti,
1182 4538 1350 4624 etquidem
1368 4539 1397 4604 in
1413 4539 1592 4606 Krusuiciae
1607 4539 1713 4605 vicinia
1730 4541 1819 4602 sitam
1835 4535 1945 4614 luisse,
1968 4543 2051 4600 tum

403 4617 478 4684 haee
492 4619 645 4694 Vladislai,
662 4625 725 4682 turn
742 4617 834 4682 altera
852 4560 1039 4684 Casimirihl

405 4702 576 4769 Cheslinum
593 4713 695 4768 autem
712 4703 809 4768 villam
834 4702 942 4766 Crellt'o
957 4723 1022 4767 esse
1038 4707 1128 4770 intelli
1151 4708 1230 4772 imus
1252 4707 1413 4791 parochiae
1436 4706 1678 4773 Koicielecensis
1701 4708 1731 4773 in
1746 4705 1890 4775 territorii
1913 4705 2034 4792 Bydgo·

404 4786 522 4852 stiensis
536 4787 827 4856 Juniuladislaviensi
843 4788 967 4872 regione
981 4788 1071 4852 sitam
1086 4799 1119 4854 et
1131 4729 1396 4857 iunirtsoauvtae
1412 4793 1590 4876 prexirnom.

505 4870 540 4954 (³)
568 4871 637 4936 vid.
654 4873 880 4938 annotationem
895 4872 1060 4940 secundam
1073 4875 1113 4938 *od
1128 4877 1318 4960 priuilegium
1335 4877 1391 4946 ΙΨ0
1405 4875 1459 4942 1¹⁰⁰
1475 4879 1682 4962 praemissum.

1041 4669 1049 4684 .
1065 4609 1156 4706 Regis
1172 4623 1318 4689 Poloniae
1330 4625 1398 4688 anni
1414 4625 1494 4687 1340
1506 4621 1608 4689 tabula
1619 4621 1744 4688 inferius
1756 4621 1899 4698 exhibita,
1914 4620 2034 4687 docent
