4870 5948
1929 773 1995 822 vm

375 947 571 1044 cognitum,
594 947 651 1020 vel
667 942 792 1021 saltem
808 969 854 1042 ex
870 947 986 1020 minus
1002 957 1112 1036 recta,
1129 967 1238 1043 quam
1254 943 1383 1038 dicunt,
1399 933 1499 1044 copia
1514 936 1810 1048 vrrlgatummsm
1840 951 1924 1016 amc
1942 941 1999 1018 de

318 1131 322 1136 ¹
374 1045 612 1150 mum'eidem,
629 1049 680 1122 uti
697 1049 751 1120 erui
768 1047 882 1144 major
896 1044 984 1122 fides
1001 1044 1163 1144 habenda
1180 1057 1243 1136 est,
1260 1047 1376 1120 locum
1392 1048 1428 1118 in
1444 1055 1568 1120 nostro
1577 1061 1724 1142 corpore
1732 1042 1999 1142 assignabimus

477 1149 511 1220 3.
550 1145 691 1243 Cuique-
707 1149 925 1222 munimento
949 1145 1235 1245 praernittentin:
1261 1148 1491 1224 summarimn‘
1513 1143 1690 1243 aunem,
1712 1145 1789 1220 *dies
1814 1143 2000 1241 quoidam

374 1247 646 1346 promulgatum,
662 1245 856 1344 etquidem
873 1247 1066 1322 secrmdum
1082 1257 1241 1320 nostram
1256 1245 1480 1345 computandi
1496 1249 1685 1334 ratlcncm3
1701 1241 1799 1320 locus
1816 1245 1876 1320 ubi
1893 1245 2001 1318 hocce

374 1348 631 1422 munimentum
646 1359 856 1437 assemsum,
872 1347 999 1444 quibus
1014 1347 1132 1446 sigillis
1148 1349 1322 1421 munitum
1339 1349 1393 1430 sit,
1410 1348 1528 1420 variae
1544 1348 1708 1420 lectiones
1725 1343 1769 1443 (si
1785 1348 1888 1444 plura
1898 1343 2007 1418 nobis

375 1456 479 1526 erum
496 1446 742 1544 exemptarum
772 1447 921 1544 denique
938 1448 1162 1546 subjicientur
1178 1457 1300 1537 notae,
1325 1469 1416 1542 qnae
1432 1448 1587 1521 maxime
1599 1441 1816 1520 necessariae
1832 1441 2006 1519 videbun-1

374 1563 442 1626 uir.
479 1545 578 1622 Licet
592 1548 844 1622 recentioribus
861 1549 1076 1646 temporibus
1090 1547 1240 1620 multum
1257 1547 1303 1620 sit
1319 1545 1535 1644 disputatum
1552 1558 1676 1622 cenna
1684 1546 1782 1642 justo
1794 1545 2000 1644 prolixiores

374 1659 495 1826 dicus,
522 1669 651 1821 mfggsso
676 1645 982 1823 metdxidvanmr
1004 1647 1299 1822 Ιαὴοὶἳίὲῗωήοὶ
1315 1657 1492 1818 auctpres,
1519 1645 2000 1822 si,rgrlr¹peetspepenumeroin

440 1771 547 1822 umen
584 1769 664 1822 rum
688 1771 757 1820 con
971 1773 1067 1823 aram
1219 1768 1390 1820 cucunrun
1466 1771 1571 1820 rscna
1716 1769 1876 1820 *occnrm
1891 1769 2000 1818 ncmr·

374 1875 439 1932 na,
466 1849 557 1921 notis
578 1847 752 1924 illustrata
773 1770 992 1924 exhibdneiih.
1044 1846 1209 1924 Ceterum
1226 1848 1386 1944 quamvis
1413 1769 1559 1922 husus
1576 1846 1720 1944 adjectis
1736 1845 1865 1944 aliquid
1881 1842 2013 1950 pecca-g

374 1963 452 2033 tam
469 1957 580 2038 esset,
605 1948 867 2025 observationes
889 1948 1130 2047 diplomaticae
1152 1971 1225 2029 non
1248 1971 1374 2045 paruum
1397 1947 1547 2022 afferent
1573 1946 1746 2022 comniodi
1771 1957 1809 2022 et
1832 1945 2000 2024 utilitatis.

375 2047 479 2141 Quod
497 2049 622 2126 attinet
637 2047 782 2122 modum
799 2045 1076 2123 reducendorum
1098 2047 1145 2120 ad
1160 2059 1324 2146 noscam
1335 2047 1561 2145 computandi
1576 2050 1748 2122 radonem
1766 2045 1916 2137 diennn,
1933 2047 2000 2142 ¹qui

373 2147 410 2227 i'n
427 2149 673 2246 diplomatibus
684 2147 947 2246 promulgandis
963 2151 1000 2222 in
1015 2171 1083 2222 usu
1100 2155 1210 2240 mant,
1226 2149 1289 2222 vix
1301 2147 1366 2221 dici
1379 2159 1505 2244 potest,
1523 2160 1696 2244 quantum
1707 2147 1897 2226 debeamus
1913 2146 2001 2220 Vino

374 2249 573 2326 docmsimo
589 2247 791 2324 Hieronimc
805 2247 1051 2338 Dnchnowski,
1069 2249 1127 2343 qui
1141 2247 1233 2322 edita
1250 2272 1338 2322 ase:
1356 2247 1624 2324 Nomotclaturu
1631 2249 1881 2348 principalium
1896 2246 2000 2322 Sace

374 2367 485 2430 mum
501 2361 532 2422 et
547 2347 682 2422 dierum
691 2348 857 2446 femmam
873 2348 1047 2422 auditum
1061 2345 1357 2446 immobiliumque,
1373 2359 1451 2420 tum
1469 2344 1672 2422 mmmm
1692 2345 1859 2423 Codicum
1875 2346 2003 2424 Varsu-

373 2451 451 2526 aiae
467 2449 575 2538 1844,
590 2447 757 2521 leviorem
773 2446 875 2520 nobis
885 2447 980 2520 hunc
991 2447 1147 2542 laborem
1159 2447 1249 2520 fecit
1288 2447 1352 2521 Vir
1367 2446 1423 2518 hic
1439 2449 1709 2522 humanissimus
1726 2471 1829 2522 suum
1845 2445 2001 2522 studium

374 2554 410 2626 in
428 2573 471 2626 eo
486 2548 613 2646 posuit,
630 2558 672 2620 ut
687 2544 723 2619 id
739 2547 854 2644 ipsum
871 2556 1074 2644 praestaret,
1092 2557 1233 2622 secutus
1249 2547 1382 2644 optima
1397 2571 1506 2645 opera
1521 2547 1613 2620 hanc
1628 2571 1705 2622 cern
1720 2548 1915 2622 cauum

477 2653 511 2722 4.
550 2645 592 2720 In
604 2646 769 2745 eligendis
786 2645 1032 2744 diplomatibus
1048 2646 1262 2745 spectabitur
1277 2657 1417 2721 tantum
1434 2671 1555 2722 eorum
1572 2647 1659 2722 fides
1675 2648 1884 2720 authentica.
1919 2643 2002 2720 Sive

374 2753 433 2826 illu
448 2749 711 2848 proficiscentur
727 2773 749 2821 a
765 2747 924 2857 regibus,
942 2748 1016 2822 sive
1032 2742 1228 2837 aducibus,
1246 2749 1319 2822 sive
1336 2775 1358 2822 a
1375 2746 1519 2846 privatis
1536 2744 1628 2841 viris,
1646 2750 1720 2824 sive
1736 2748 1782 2822 ab
1800 2748 2000 2822 ecclesiasti·

375 2853 442 2930 cis:
467 2873 513 2923 ne
528 2849 640 2922 multa
647 2904 658 2940 ,
683 2847 801 2922 omnia
815 2849 954 2946 publica
971 2859 1009 2922 ct
1024 2849 1161 2946 privata
1175 2857 1298 2922 nosco
1314 2850 1451 2948 corpori
1467 2851 1673 2941 haereatur,
1691 2872 1774 2924 nam
1790 2871 1901 2945 aeque
1917 2858 2003 2925 sunt

374 2951 493 3049 magni
508 2950 677 3121 mcmgnti
695 2960 732 3022 et
747 2950 877 3046 pariter
892 2947 1126 3047 absumenda,
1148 2949 1276 3048 quippo
1292 2973 1384 3046 qnae
1399 2975 1457 3026 res
1472 2951 1678 3049 praeteritas
1695 2948 1826 3026 lucidas
1841 2947 2000 3038 reddant,

375 3054 383 3072 ⁸
534 3073 581 3123 ue
621 3060 677 3124 ete
746 3061 772 3122 t

374 3063 535 3223 Ignotabiq
550 3147 591 3222 In
608 3073 830 3225 configirlendis
845 3148 1013 3223 indicibus
1038 3148 1073 3222 id
1098 3150 1199 3225 nobis
1223 3172 1445 3248 summopere
1468 3153 1685 3249 proposiurm
1703 3161 1795 3239 erat,
1820 3160 1862 3222 ut
1877 3150 2003 3244 cuique

375 3255 425 3328 rei
450 3249 706 3346 conquirendae
730 3250 885 3323 maxime
911 3260 1027 3324 essent
1055 3249 1321 3324 accommodati:
1353 3253 1456 3326 nimis
1486 3253 1585 3326 effusi
1615 3262 1651 3325 et
1676 3244 1807 3324 dilatati
1832 3267 2003 3322 nauseant

375 3362 537 3426 movent:
556 3350 656 3422 nimis
674 3348 769 3424 densi
789 3361 826 3424 et
841 3350 907 3422 arti
922 3375 994 3422 non
1012 3351 1196 3425 sufficiunt
1244 3347 1535 3426 concinnavimus
1551 3353 1669 3450 itaque
1686 3353 1837 3450 primum
1852 3348 2001 3422 indicem

376 3452 604 3550 singularem,
628 3451 772 3522 nomina
788 3475 1026 3548 personarum,
1041 3452 1200 3548 gentium
1216 3452 1289 3525 sive
1305 3452 1530 3542 familiarum,
1555 3453 1809 3550 insigniumque
1825 3450 2013 3528 continen·'

375 3565 467 3640 tem3
485 3551 634 3624 altemm
650 3550 793 3622 nomina
808 3550 958 3640 urbium,
975 3552 1145 3640 villarum,
1161 3551 1357 3643 fluviorum,
1373 3553 1513 3624 lacuum
1530 3563 1594 3625 etc.
1612 3552 1853 3625 exhibentem:
1875 3549 2001 3623 tertius

376 3651 525 3748 denique
541 3651 783 3749 complectitur
797 3674 920 3723 omnes
936 3675 1041 3724 voces
1057 3650 1161 3724 medii
1178 3651 1274 3740 aevi,
1338 3653 1477 3743 lonicus,
1494 3651 1551 3726 vel
1567 3652 1596 3726 si
1612 3677 1703 3748 quae
1718 3652 1810 3726 sorte
1826 3649 2000 3724 invenien-

376 3766 435 3827 tur
451 3750 606 3842 slavica's,
623 3775 689 3832 nec
706 3775 777 3822 non
795 3773 885 3846 quae
901 3751 1013 3849 primo
1031 3760 1067 3824 et
1083 3751 1236 3826 secundo
1253 3677 1355 3826 india
1373 3763 1456 3851 apte
1472 3753 1576 3826 inseri
1592 3777 1663 3826 non
1680 3762 1859 3851 poterant:
1876 3771 1999 3825 omnes

375 3864 495 3929 autem
511 3849 640 3942 ordine,
658 3875 764 3948 quern
780 3851 900 3925 dicunt
917 3851 1188 3948 alphabeticum,
1207 3863 1290 3926 sunt
1306 3854 1446 3929 redacti.
1497 3851 1684 3926 Praeterea
1700 3855 1736 3925 in
1752 3855 1867 3926 hante
1884 3849 1999 3947 operis

375 3953 536 4054 apposita
550 3962 604 4026 est
619 3953 725 4027 series
742 3952 898 4029 omnium
914 3951 1153 4049 diplomatum,
1170 3953 1366 4052 conscripta
1383 3978 1426 4029 ec
1442 3951 1572 4044 ordine,
1589 3977 1659 4050 quo
1676 3978 1714 4027 se
1731 3952 1918 4048 excipiunt.

477 4051 671 4126 Maximum
694 4051 914 4126 adhibuimus
938 4051 1091 4126 studium
1114 4051 1160 4126 ad
1185 4052 1467 4151 recognoscenda
1492 4053 1698 4152 diplomata:
1724 4049 1999 4147 unumquodque

377 4153 530 4252 diploma
546 4151 757 4251 descriptum
773 4154 982 4226 contulimus
999 4178 1079 4226 curn
1095 4179 1159 4228 suc
1177 4155 1378 4255 archetypo,
1394 4157 1430 4229 in
1446 4155 1529 4228 locis
1542 4164 1661 4227 autem
1673 4153 1843 4251 ambiguis
1856 4152 1998 4226 tertium
2045 4191 2051 4202 ·

376 4253 645 4351 comparabatur
660 4278 741 4326 cum
758 4277 823 4328 sua
838 4253 959 4326 tabula
975 4255 1175 4328 authentica
1183 4311 1192 4347 ,
1210 4279 1319 4350 quum
1331 4259 1407 4354 jam
1423 4255 1517 4354 typis
1535 4277 1758 4350 expressum,
1775 4255 1998 4351 recognosce

375 4355 490 4428 batur.
540 4350 581 4425 ln
598 4352 831 4428 describendis
848 4352 1093 4451 diplomatibus
1111 4347 1374 4430 observavimus
1390 4345 1683 4452 orthographiam,
1706 4379 1813 4451 quam
1830 4355 1866 4427 in
1881 4355 1922 4426 iis
1941 4349 1997 4424 de·

376 4451 638 4554 prehendimus:
655 4465 696 4527 ut
711 4465 831 4528 autem
847 4454 1002 4550 legentes
1018 4455 1207 4528 verborum
1223 4466 1429 4530 contextum
1443 4455 1576 4530 bailius
1588 4481 1713 4554 capere
1725 4465 1879 4553 possent,
1895 4455 1998 4528 intar-

376 4553 553 4654 pungendi
569 4555 678 4652 signa,
695 4578 786 4651 quae
802 4555 980 4652 aptissima
995 4554 1214 4647 videbantur,
1230 4556 1465 4653 apposuimus.

476 4652 595 4729 Liceat
610 4655 711 4730 nobis
727 4655 842 4728 adhuc
857 4680 970 4753 pauca
986 4653 1134 4754 adjicere
1147 4655 1191 4730 de
1203 4667 1383 4755 apparatu,
1401 4659 1459 4753 qui
1472 4657 1567 4756 operi
1579 4667 1700 4729 nostro
1713 4655 1880 4753 originem
1892 4653 1996 4728 dedit.

477 4752 626 4847 Fontes,
651 4767 698 4829 e'x
721 4756 848 4855 quibus
872 4757 1068 4847 hausimus,
1093 4755 1232 4830 indicati
1255 4769 1292 4831 et
1307 4756 1468 4856 descripti
1485 4769 1567 4831 suut
1592 4757 1735 4830 innotis
1751 4757 1932 4851 urucuique
1949 4754 1997 4827 di·

376 4853 521 4950 plomati
537 4853 717 4952 adjunctis.
768 4855 993 4932 ‘subtiler-ium
1018 4855 1200 4932 Publicum
1232 4856 1344 4957 Regni
1369 4857 1553 4942 Polcniae,
1583 4856 1690 4954 ruho
1716 4855 1860 4930 Mettica
1884 4855 1996 4952 Regni
