4778 5952
994 821 1270 896 -298-

306 1013 429 1113 ¹debet
454 1023 494 1108 in
525 1021 727 1138 premissis.
789 1019 1196 1110 Preterea-lebannes
1225 1020 1418 1138 predictus
1452 1019 1489 1110 ‘m
1517 1017 1808 1138 recompensam
1839 1018 1946 1116 lutus

314 1139 536 1231 donacionis
566 1137 617 1223 de
645 1137 824 1256 predictis
847 1138 981 1227 decem
1002 1141 1162 1245 manns,
1192 1140 1466 1257 adquamlibet
1486 1139 1768 1258 expedicionem
1789 1143 1826 1226 in
1847 1163 1946 1257 equo

314 1257 456 1348 valoris
477 1270 636 1375 quatuor
655 1285 946 1376 sexagenarum,
965 1259 1005 1345 in
1026 1259 1206 1375 pancerio
1223 1289 1310 1346 wcum
1331 1258 1535 1364 balista,.et
1548 1258 1621 1347 sub
1634 1257 1804 1374 caleptra
1823 1267 1946 1344 clolc-
2000 1247 2005 1264 ’

315 1383 407 1464 culs
422 1374 618 1494 wlgariter
637 1373 754 1482 dicta,
777 1379 946 1494 equitare
967 1390 1007 1462 el
1024 1393 1152 1470 cetera
1173 1377 1296 1464 omnia
1317 1377 1528 1464 communia
1549 1378 1714 1496 seruicia,
1729 1374 1950 1501 inpendere,
2049 1411 2054 1420 ¹

315 1506 428 1612 prout
441 1494 502 1611 alij
520 1494 709 1612 terrigena
724 1495 767 1580 in
778 1494 956 1582 similibus
971 1494 1081 1582 bonis
1096 1492 1221 1601 locati,
1237 1496 1364 1584 lacera
1380 1509 1419 1581 et
1433 1491 1638 1613 inpendero
1655 1491 1945 1599 consueuerunt,
2087 1513 2096 1526 ·

315 1613 362 1700 sit
382 1613 558 1700 astrictus
574 1613 730 1717 tociens,
753 1615 933 1816 quociens
955 1615 1063 1700 buerit
1080 1631 1320 1730 oportunum.
1358 1610 1407 1702 Et
1427 1615 1516 1733 quia¹
1530 1613 1592 1700 die
1607 1609 1694 1700 date
1710 1612 1945 1729 presencium

138 1809 146 1820 .
200 1843 203 1850 ι
315 1757 448 1818 coram
467 1730 576 1817 nobis
597 1759 760 1846 persona
776 1731 845 1816 iter
865 1732 1051 1818 constituti
1074 1731 1345 1838 wenceslaus,
1368 1733 1503 1820 Petrus
1524 1748 1563 1818 et
1581 1729 1764 1817 Nicolaus
1784 1727 1956 1815 beredes'

314 1845 556 1948 de-ll'em'lcs,
586 1850 753 1964 ipsorum
772 1849 886 1935 meris
906 1859 943 1935 el
963 1849 1183 1966 spontaneis
1203 1849 1467 1952 voluntatibus,
1487 1851 1649 1965 quinque
1669 1877 1825 1934 mansus
1845 1875 1946 1934 men·
2091 1853 2095 1860 '

314 1995 403 2054 sure
423 1965 662 2069 ebulmensis,
682 1967 784 2052 circa
804 1964 937 2052 decem
958 1994 1115 2053 mansos
1135 1964 1326 2083 predictos
1345 1967 1526 2073 iacentes,
1547 1993 1632 2052 cum
1652 1967 1751 2053 omui
1761 1965 1847 2080 jure
1863 1993 1948 2069 suo,

314 2081 477 2172 lubauni
491 2083 564 2190 iam
579 2081 691 2189 dicto,
712 2113 783 2200 pro
803 2085 967 2202 quinque
987 2077 1192 2202 senagenis
1213 2113 1438 2203 grossorum
1459 2086 1667 2172 communis
1686 2098 1835 2170 monete
1856 2109 1947 2168 ven·

315 2199 490 2306 didcrunt
509 2213 688 2318 perpetue
709 2217 746 2288 et
765 2203 921 2288 iuewm:
951 2201 1051 2290 unde
1071 2201 1260 2308 volentes,
1282 2201 1384 2320 quod
1404 2202 1562 2321 predicti
1583 2201 1804 2318 quindenam
1827 2199 1947 2286 mansi

315 2348 364 2408 ec
380 2320 497 2407 cicius
513 2319 692 2406 collocari
706 2318 867 2422 valeant,
887 2335 924 2406 et
939 2321 976 2406 in
992 2319 1207 2408 ubemiores
1222 2321 1305 2432 (sic)
1321 2322 1489 2408 conuerti
1505 2320 1659 2424 fructus,
1679 2321 1787 2436 ipsos
1802 2317 1948 2432 dejure
2035 2414 2037 2418 ¹
2064 2371 2069 2378 -

315 2438 492 2556 polonico
513 2437 550 2524 in
564 2440 629 2556 jus
650 2436 920 2544 tlreutunicum,
952 2437 1053 2557 quod
1077 2435 1304 2526 Cbulmensa
1324 2436 1474 2542 dicitur,¹
1488 2438 1744 2524 transferimus
1765 2449 1803 2521 et
1822 2449 1947 2522 trans-

315 2569 516 2644 multamus
527 2565 612 2642 cum
622 2555 798 2643 omnibus
811 2555 1138 2670 disposicionibus,
1152 2558 1311 2674 punctis,
1324 2557 1489 2642 articulis
1506 2570 1543 2642 et
1556 2555 1733 2642 clausulis
1747 2552 1947 2651 uniuersis
2011 2545 2016 2564 ⁸
2093 2629 2095 2636 .

318 2671 459 2760 Verum
480 2675 568 2790 quia
588 2703 659 2790 pro
680 2673 890 2759 huiusmodi
903 2675 1001 2789 juris
1021 2675 1154 2792 macie
1175 2673 1259 2786 (sic)
1280 2689 1317 2761 el
1336 2673 1568 2777 donacione,
1600 2701 1733 2760 omnes
1753 2686 1790 2758 et
1810 2671 1949 2790 singull

219 2839 223 2847 .
315 2791 438 2879 incole
459 2816 673 2878 mauscnun
696 2791 970 2908 predictorum,
1001 2791 1159 2911 singulis
1179 2793 1304 2896 annis,
1336 2791 1603 2909 perpetuisque
1624 2790 1872 2908 temporibus,
1901 2787 1951 2874 da

317 2908 484 3043 quelibet
502 2939 637 2996 ,manso
658 2909 757 2996 culto
779 2923 816 2996 el
834 2937 1038 3028 possesso,
1069 2910 1118 2996 ad
1141 2910 1333 3029 quodlibet
1353 2909 1486 2996 lestum
1508 2909 1606 2996 baali
1627 2907 1777 2995 Martini
1798 2907 1950 2993 conlas-

196 3023 200 3034 '
316 3055 418 3114 sons
437 3041 476 3112 et
495 3027 663 3142 episcopi
682 3026 923 3130 weneraudi,
954 3055 1024 3143 per
1054 3041 1141 3115 octo
1172 3055 1337 3146 grossos
1367 3053 1581 3148 pragenses
1611 3027 1721 3113 nobis
1752 3037 1789 3110 et
1809 3021 1949 3110 nostris
2076 3101 2081 3108 ,
2163 3079 2171 3094 ·

317 3142 605 3230 successoribus
636 3143 729 3229 dare
762 3156 800 3229 et
829 3143 980 3230 soluere
1010 3156 1224 3231 teneantur:
1255 3147 1291 3230 in
1322 3145 1429 3232 cuius
1458 3171 1734 3264 reconpensam
1764 3139 1949 3246 volumus,

317 3260 420 3378 quod
451 3288 585 3348 ornnes
615 3276 652 3347 el
674 3259 813 3379 singuli
842 3259 965 3348 incole
995 3288 1210 3349 mansarum
1240 3261 1514 3380 predictorum,
1545 3263 1595 3349 ab
1616 3260 1788 3350 omnibus
1810 3261 1949 3348 nostris

317 3378 585 3484 solucionibus,
609 3379 886 3484 exaccicnibus,
907 3379 1261 3485 contribucicnibus,
1284 3379 1486 3484 laboribus,
1508 3392 1545 3465 el
1565 3378 1778 3498 specialiter
1798 3381 1847 3464 ab
1868 3377 1949 3490 hijs:

316 3529 401 3610 rep,
426 3503 584 3595 otram,
615 3529 732 3586 nurzs
752 3497 856 3610 (sic),
888 3526 1019 3613 porco,
1050 3527 1191 3601 vacca,
1221 3498 1359 3602 ariete,
1386 3505 1583 3611 pozeccne,
1614 3517 1784 3598 nealcae,
1812 3503 1947 3608 pober,

311 3619 495 3728 pscrslce,
519 3620 694 3717 solatae,
718 3621 911 3715 bobrane,
933 3625 1133 3728 praeced,
1153 3623 1302 3716 'sanem
1334 3628 1373 3703 ct
1392 3644 1415 3701 a
1437 3614 1574 3702 ceteris
1595 3615 1779 3720 collectis,
1812 3619 1950 3729 grana-

316 3730 478 3818 minibus
498 3732 615 3848 ipsius
631 3734 727 3850 juris
747 3731 985 3848 polonicalis,
1004 3734 1174 3850 angarijs
1195 3749 1231 3820 et
1251 3733 1491 3854 preangarijs
1516 3735 1745 3851 generaliter
1765 3726 1950 3820 uniuersis

317 3850 391 3943 sint
410 3848 537 3954 s'oluli,
558 3849 663 3937 liberi
683 3849 832 3968 penitus‘
851 3867 891 3939 et
909 3852 1086 3969 exempti3
1108 3867 1318 3940 castrorum
1339 3866 1555 3940 nostrorum
1577 3852 1826 3971 quorumlibet
1845 3847 1949 3934 labo

316 3967 421 4056 ribus
441 3965 661 4087 dumptaxal
681 3970 870 4086 exceptis,
900 3968 949 4056 ad
973 3999 1069 4087 quos
1090 3968 1213 4056 incole
1234 3969 1409 4086 predicti,
1430 3999 1505 4057 una
1525 3999 1610 4055 cum
1631 3971 1714 4086 alijs
1736 3969 1885 4069 incolis,
1911 3967 1948 4052 in

317 4083 424 4173 simili
447 4086 535 4200 jure
566 4085 720 4194 locatis,
752 4087 913 4175 transire
944 4087 1165 4175 tenebuntur
1186 4090 1348 4196 tocienS,
1382 4089 1563 4207 quociens
1584 4087 1690 4174 luerit
1709 4101 1946 4202 oportunum.

202 4271 213 4294 .
317 4199 379 4290 Ec
414 4202 533 4288 eciam
568 4207 764 4318 presertim
795 4219 973 4322 excepto,
1011 4203 1114 4322 qrrod
1146 4235 1229 4292 curn
1260 4207 1418 4323 nupcias
1450 4218 1619 4308 nostras,
1652 4219 1715 4291 aul
1746 4223 1948 4322 puerorum
2021 4277 2024 4288 .

317 4333 531 4438 nostrorum
562 4348 677 4406 sexus
705 4321 916 4439 utriusque,
943 4325 1014 4406 nos
1042 4321 1166 4408 diuina
1197 4320 1452 4440 disposicione
1480 4320 1694 4426 celebrare,
1725 4337 1789 4408 aut
1809 4335 1949 4408 terram

317 4451 484 4525 nostram
500 4435 694 4540 redimere,
715 4465 763 4523 an
785 4436 867 4548 (sic)
884 4437 993 4523 aliam
1010 4468 1147 4543 emere,
1165 4438 1237 4543 vel,
1259 4439 1361 4557 quod
1378 4439 1485 4542 absit,
1505 4468 1577 4534 nos
1591 4443 1658 4525 'aut
1673 4441 1885 4557 quempiam
1900 4466 1948 4522 ex

318 4553 402 4669 filijs
417 4556 555 4642 nostris
571 4555 820 4672 captiuitatem
836 4557 1026 4643 incurrere
1040 4556 1266 4675 contingerit
1283 4557 1377 4667 (sic),
1398 4569 1486 4642 tuuc
1501 4557 1686 4662 volumus,
1706 4556 1808 4675 quod
1825 4551 1948 4641 incole

319 4699 533 4758 mansorum
555 4671 825 4790 predictorum,
849 4687 990 4760 tantam
1011 4687 1050 4760 et
1069 4673 1180 4759 talem
1203 4673 1313 4762 uobis
1334 4689 1370 4762 et
1390 4674 1530 4762 nostris
1551 4675 1838 4764 successoribus
1860 4703 1946 4790 per-

318 4788 471 4902 sulcant
498 4791 760 4898 exaccicnem,
791 4807 969 4908 quantam
999 4805 1037 4880 et
1060 4791 1206 4912 qualem
1238 4821 1353 4911 super
1382 4793 1476 4881 alias
1506 4791 1634 4898 uillas,
1666 4795 1702 4880 in
1723 4792 1846 4913 equali
1860 4791 1948 4907 jure

318 4907 485 5014 locatas,
516 4909 742 5027 generaliter
771 4907 987 4999 duxerimus
1018 4909 1280 5029 inponendam.
1332 4911 1512 5000 Preterea
1542 4910 1773 5000 absoluimus
1802 4908 1948 4999 incolas
