<?xml version="1.0" encoding="UTF-8"?>
<!DOCTYPE html PUBLIC "-//W3C//DTD XHTML 1.0 Transitional//EN"
    "http://www.w3.org/TR/xhtml1/DTD/xhtml1-transitional.dtd">
<html xmlns="http://www.w3.org/1999/xhtml" xml:lang="en" lang="en">
 <head>
  <title>
</title>
<meta http-equiv="Content-Type" content="text/html;charset=utf-8" />
  <meta name='ocr-system' content='tesseract 3.04.00' />
  <meta name='ocr-capabilities' content='ocr_page ocr_carea ocr_par ocr_line ocrx_word'/>
</head>
<body>
  <div class='ocr_page' id='page_1' title='image "./codexdiplomatic02bartgoog_0064.png"; bbox 0 0 4870 5948; ppageno 0'>
   <div class='ocr_carea' id='block_1_1' title="bbox 1117 693 1365 808">
    <p class='ocr_par' dir='ltr' id='par_1_1' title="bbox 1117 693 1365 808">
     <span class='ocr_line' id='line_1_1' title="bbox 1117 693 1365 808; baseline -0.008 -20"><span class='ocrx_word' id='word_1_1' title='bbox 1117 693 1266 808; x_wconf 35' lang='lat'>„⁵20</span> <span class='ocrx_word' id='word_1_2' title='bbox 1322 773 1365 786; x_wconf 89' lang='lat'>..</span> 
     </span>
    </p>
   </div>
   <div class='ocr_carea' id='block_1_2' title="bbox 429 915 2056 1054">
    <p class='ocr_par' dir='ltr' id='par_1_2' title="bbox 429 915 2056 1054">
     <span class='ocr_line' id='line_1_2' title="bbox 429 915 2056 1054; baseline -0.002 -27"><span class='ocrx_word' id='word_1_3' title='bbox 429 942 466 1027; x_wconf 92' lang='lat' dir='ltr'>in</span> <span class='ocrx_word' id='word_1_4' title='bbox 484 937 721 1054; x_wconf 63' lang='lat' dir='ltr'>Wysiieilii</span> <span class='ocrx_word' id='word_1_5' title='bbox 743 967 870 1025; x_wconf 88' lang='lat' dir='ltr'>coram</span> <span class='ocrx_word' id='word_1_6' title='bbox 891 969 949 1023; x_wconf 88' lang='lat' dir='ltr'>me</span> <span class='ocrx_word' id='word_1_7' title='bbox 967 952 1137 1024; x_wconf 82' lang='lat' dir='ltr'>et&#39;uxorc</span> <span class='ocrx_word' id='word_1_8' title='bbox 1153 966 1236 1022; x_wconf 83' lang='lat' dir='ltr'>inea</span> <span class='ocrx_word' id='word_1_9' title='bbox 1257 933 1423 1052; x_wconf 86' lang='lat' dir='ltr'>Shaphia</span> <span class='ocrx_word' id='word_1_10' title='bbox 1440 915 1534 1046; x_wconf 76' lang='lat' dir='ltr'>(sic),</span> <span class='ocrx_word' id='word_1_11' title='bbox 1556 947 1591 1020; x_wconf 91' lang='lat' dir='ltr'>et</span> <span class='ocrx_word' id='word_1_12' title='bbox 1608 932 1733 1023; x_wconf 91' lang='lat' dir='ltr'>liberis</span> <span class='ocrx_word' id='word_1_13' title='bbox 1749 936 1842 1022; x_wconf 85' lang='lat' dir='ltr'>meis</span> <span class='ocrx_word' id='word_1_14' title='bbox 1858 918 2056 1043; x_wconf 79' lang='lat' dir='ltr'>Bole&#39;zlao,</span> 
     </span>
    </p>
   </div>
   <div class='ocr_carea' id='block_1_3' title="bbox 222 1053 2056 1173">
    <p class='ocr_par' dir='ltr' id='par_1_3' title="bbox 222 1053 2056 1173">
     <span class='ocr_line' id='line_1_3' title="bbox 222 1053 2056 1173; baseline -0.001 -29"><span class='ocrx_word' id='word_1_15' title='bbox 222 1116 226 1125; x_wconf 81' lang='lat'>·</span> <span class='ocrx_word' id='word_1_16' title='bbox 332 1073 344 1156; x_wconf 70' lang='lat' dir='ltr'>f²</span> <span class='ocrx_word' id='word_1_17' title='bbox 430 1058 669 1165; x_wconf 79' lang='lat' dir='ltr'>Semovilh05</span> <span class='ocrx_word' id='word_1_18' title='bbox 704 1056 897 1173; x_wconf 84' lang='lat' dir='ltr'>judicante</span> <span class='ocrx_word' id='word_1_19' title='bbox 918 1056 1065 1142; x_wconf 80' lang='lat' dir='ltr'>Thonia</span> <span class='ocrx_word' id='word_1_20' title='bbox 1078 1054 1297 1171; x_wconf 80' lang='lat' dir='ltr'>subjudice,</span> <span class='ocrx_word' id='word_1_21' title='bbox 1334 1054 1596 1140; x_wconf 86' lang='lat' dir='ltr'>assistentibus</span> <span class='ocrx_word' id='word_1_22' title='bbox 1612 1055 1732 1140; x_wconf 84' lang='lat' dir='ltr'>eciam</span> <span class='ocrx_word' id='word_1_23' title='bbox 1749 1054 1835 1171; x_wconf 83' lang='lat' dir='ltr'>hijs:</span> <span class='ocrx_word' id='word_1_24' title='bbox 1867 1053 2056 1172; x_wconf 80' lang='lat' dir='ltr'>lllagislro</span> 
     </span>
    </p>
   </div>
   <div class='ocr_carea' id='block_1_4' title="bbox 331 1159 2160 1884">
    <p class='ocr_par' dir='ltr' id='par_1_4' title="bbox 331 1159 2160 1884">
     <span class='ocr_line' id='line_1_4' title="bbox 336 1159 2058 1292; baseline -0.004 -27"><span class='ocrx_word' id='word_1_25' title='bbox 336 1209 349 1265; x_wconf 63' lang='grc' dir='ltr'><em>ι</em></span> <span class='ocrx_word' id='word_1_26' title='bbox 429 1177 624 1280; x_wconf 73' lang='lat' dir='ltr'>iohanne,</span> <span class='ocrx_word' id='word_1_27' title='bbox 679 1175 881 1292; x_wconf 81' lang='lat' dir='ltr'>Proposito</span> <span class='ocrx_word' id='word_1_28' title='bbox 933 1172 1122 1277; x_wconf 76' lang='lat' dir='ltr'>aurardo,</span> <span class='ocrx_word' id='word_1_29' title='bbox 1180 1171 1399 1258; x_wconf 87' lang='lat' dir='ltr'>Vencezlao</span> <span class='ocrx_word' id='word_1_30' title='bbox 1427 1159 1770 1279; x_wconf 60' lang='lat' dir='ltr'>“Suboenceiiaric</span> <span class='ocrx_word' id='word_1_31' title='bbox 1832 1171 2058 1288; x_wconf 86' lang='lat' dir='ltr'>Godpoldo,</span> 
     </span>
     <span class='ocr_line' id='line_1_5' title="bbox 431 1289 2056 1408; baseline -0.005 -25"><span class='ocrx_word' id='word_1_32' title='bbox 431 1296 656 1400; x_wconf 88' lang='lat' dir='ltr'>Srzeniavo,</span> <span class='ocrx_word' id='word_1_33' title='bbox 687 1291 869 1396; x_wconf 85' lang='lat' dir='ltr'>Martiae,</span> <span class='ocrx_word' id='word_1_34' title='bbox 899 1291 1046 1379; x_wconf 87' lang='lat' dir='ltr'>Thorna</span> <span class='ocrx_word' id='word_1_35' title='bbox 1067 1290 1116 1376; x_wconf 88' lang='lat' dir='ltr'>de</span> <span class='ocrx_word' id='word_1_36' title='bbox 1132 1289 1322 1379; x_wconf 84' lang='lat' dir='ltr'>Roicowo</span> <span class='ocrx_word' id='word_1_37' title='bbox 1340 1289 1395 1402; x_wconf 79' lang='lat'>(⁴)</span> <span class='ocrx_word' id='word_1_38' title='bbox 1419 1289 1626 1408; x_wconf 73' lang='lat' dir='ltr'><strong>Capeliano</strong></span> <span class='ocrx_word' id='word_1_39' title='bbox 1648 1289 1788 1392; x_wconf 87' lang='lat' dir='ltr'>Ducis,</span> <span class='ocrx_word' id='word_1_40' title='bbox 1820 1291 2056 1406; x_wconf 85' lang='lat' dir='ltr'>Capellacis:</span> 
     </span>
     <span class='ocr_line' id='line_1_6' title="bbox 430 1407 2056 1524; baseline -0.002 -24"><span class='ocrx_word' id='word_1_41' title='bbox 430 1412 663 1500; x_wconf 89' lang='lat' dir='ltr'>Zventozlao</span> <span class='ocrx_word' id='word_1_42' title='bbox 703 1413 919 1516; x_wconf 77' lang='lat' dir='ltr'>pincerna,</span> <span class='ocrx_word' id='word_1_43' title='bbox 968 1409 1162 1496; x_wconf 77' lang='lat' dir='ltr'>Abraham</span> <span class='ocrx_word' id='word_1_44' title='bbox 1203 1409 1490 1524; x_wconf 89' lang='lat' dir='ltr'>Subpincerna,</span> <span class='ocrx_word' id='word_1_45' title='bbox 1545 1408 1608 1495; x_wconf 90' lang='lat' dir='ltr'>Bo</span> <span class='ocrx_word' id='word_1_46' title='bbox 1639 1407 1747 1496; x_wconf 90' lang='lat' dir='ltr'>uslao</span> <span class='ocrx_word' id='word_1_47' title='bbox 1789 1408 2056 1523; x_wconf 87' lang='lat' dir='ltr'>Subdapilero,</span> 
     </span>
     <span class='ocr_line' id='line_1_7' title="bbox 331 1437 2058 1643; baseline -0.003 -26"><span class='ocrx_word' id='word_1_48' title='bbox 331 1577 342 1596; x_wconf 80' lang='lat'><strong>·</strong></span> <span class='ocrx_word' id='word_1_49' title='bbox 431 1531 622 1617; x_wconf 84' lang='lat' dir='ltr'>Gronaza</span> <span class='ocrx_word' id='word_1_50' title='bbox 642 1530 933 1633; x_wconf 54' lang='lat' dir='ltr'>&#39;Subvenatore</span> <span class='ocrx_word' id='word_1_51' title='bbox 975 1527 1122 1614; x_wconf 88' lang='lat' dir='ltr'>Thorna</span> <span class='ocrx_word' id='word_1_52' title='bbox 1143 1540 1180 1613; x_wconf 86' lang='lat' dir='ltr'>et</span> <span class='ocrx_word' id='word_1_53' title='bbox 1203 1526 1351 1643; x_wconf 88' lang='lat' dir='ltr'>Philipo</span> <span class='ocrx_word' id='word_1_54' title='bbox 1371 1527 1563 1631; x_wconf 82' lang='lat' dir='ltr'>iratribus,</span> <span class='ocrx_word' id='word_1_55' title='bbox 1604 1437 1770 1614; x_wconf 57' lang='lat' dir='ltr'>{ascilla</span> <span class='ocrx_word' id='word_1_56' title='bbox 1791 1527 1868 1614; x_wconf 91' lang='lat' dir='ltr'>lilio</span> <span class='ocrx_word' id='word_1_57' title='bbox 1895 1525 2058 1631; x_wconf 85' lang='lat' dir='ltr'>lllarlini,</span> 
     </span>
     <span class='ocr_line' id='line_1_8' title="bbox 431 1644 2160 1767; baseline -0.005 -32"><span class='ocrx_word' id='word_1_58' title='bbox 431 1649 567 1766; x_wconf 88' lang='lat' dir='ltr'>etalijs</span> <span class='ocrx_word' id='word_1_59' title='bbox 589 1658 701 1767; x_wconf 84' lang='lat' dir='ltr'>quarn</span> <span class='ocrx_word' id='word_1_60' title='bbox 723 1647 908 1764; x_wconf 88' lang='lat' dir='ltr'>pluribus,</span> <span class='ocrx_word' id='word_1_61' title='bbox 951 1676 1048 1766; x_wconf 87' lang='lat' dir='ltr'>quos</span> <span class='ocrx_word' id='word_1_62' title='bbox 1082 1676 1213 1732; x_wconf 83' lang='lat' dir='ltr'>ornnes</span> <span class='ocrx_word' id='word_1_63' title='bbox 1255 1666 1434 1731; x_wconf 89' lang='lat' dir='ltr'>enarrare</span> <span class='ocrx_word' id='word_1_64' title='bbox 1474 1644 1628 1764; x_wconf 78' lang='lat' dir='ltr'>longum</span> <span class='ocrx_word' id='word_1_65' title='bbox 1669 1659 1783 1734; x_wconf 86' lang='lat' dir='ltr'>esset.</span> <span class='ocrx_word' id='word_1_66' title='bbox 1824 1644 1913 1731; x_wconf 92' lang='lat' dir='ltr'>Hoc</span> <span class='ocrx_word' id='word_1_67' title='bbox 1933 1659 2057 1732; x_wconf 86' lang='lat' dir='ltr'>autern</span> <span class='ocrx_word' id='word_1_68' title='bbox 2156 1649 2160 1657; x_wconf 89' lang='lat'>&#39;</span> 
     </span>
     <span class='ocr_line' id='line_1_9' title="bbox 431 1761 1649 1884; baseline -0.005 -32"><span class='ocrx_word' id='word_1_69' title='bbox 431 1769 571 1854; x_wconf 86' lang='lat' dir='ltr'>lactum</span> <span class='ocrx_word' id='word_1_70' title='bbox 593 1783 651 1853; x_wconf 88' lang='lat' dir='ltr'>esl</span> <span class='ocrx_word' id='word_1_71' title='bbox 671 1795 769 1853; x_wconf 90' lang='lat' dir='ltr'>anno</span> <span class='ocrx_word' id='word_1_72' title='bbox 791 1766 923 1884; x_wconf 79' lang='lat' dir='ltr'>gracie</span> <span class='ocrx_word' id='word_1_73' title='bbox 943 1765 1001 1852; x_wconf 77' lang='grc' dir='ltr'>Μο</span> <span class='ocrx_word' id='word_1_74' title='bbox 1027 1764 1112 1849; x_wconf 85' lang='lat' dir='ltr'>CC⁰</span> <span class='ocrx_word' id='word_1_75' title='bbox 1132 1761 1221 1850; x_wconf 87' lang='lat' dir='ltr'>XX⁰</span> <span class='ocrx_word' id='word_1_76' title='bbox 1243 1762 1288 1849; x_wconf 85' lang='lat'>1⁰.</span> <span class='ocrx_word' id='word_1_77' title='bbox 1645 1779 1649 1790; x_wconf 86' lang='lat'>&#39;</span> 
     </span>
    </p>
   </div>
   <div class='ocr_carea' id='block_1_5' title="bbox 433 2047 2062 2390">
    <p class='ocr_par' dir='ltr' id='par_1_5' title="bbox 547 2047 1553 2136">
     <span class='ocr_line' id='line_1_10' title="bbox 547 2047 1553 2136; baseline -0.002 -22"><span class='ocrx_word' id='word_1_78' title='bbox 547 2054 559 2092; x_wconf 83' lang='lat'><strong>³</strong></span> <span class='ocrx_word' id='word_1_79' title='bbox 610 2049 745 2114; x_wconf 66' lang='lat' dir='ltr'>Wc&#39;allitlri</span> <span class='ocrx_word' id='word_1_80' title='bbox 755 2048 902 2136; x_wconf 85' lang='lat' dir='ltr'>oppidum</span> <span class='ocrx_word' id='word_1_81' title='bbox 919 2047 1093 2134; x_wconf 78' lang='lat' dir='ltr'><strong>parochiale</strong></span> <span class='ocrx_word' id='word_1_82' title='bbox 1110 2049 1139 2112; x_wconf 92' lang='lat' dir='ltr'>in</span> <span class='ocrx_word' id='word_1_83' title='bbox 1155 2047 1277 2134; x_wconf 81' lang='lat' dir='ltr'>regione</span> <span class='ocrx_word' id='word_1_84' title='bbox 1293 2047 1553 2114; x_wconf 86' lang='lat' dir='ltr'>Sochaczoriensi.</span> 
     </span>
    </p>

    <p class='ocr_par' dir='ltr' id='par_1_6' title="bbox 433 2130 2062 2390">
     <span class='ocr_line' id='line_1_11' title="bbox 548 2130 2061 2220; baseline -0.002 -21"><span class='ocrx_word' id='word_1_85' title='bbox 548 2138 560 2176; x_wconf 79' lang='lat'><strong>⁴</strong></span> <span class='ocrx_word' id='word_1_86' title='bbox 604 2134 725 2220; x_wconf 82' lang='lat' dir='ltr'>liojewo</span> <span class='ocrx_word' id='word_1_87' title='bbox 748 2142 779 2200; x_wconf 87' lang='lat' dir='ltr'>et</span> <span class='ocrx_word' id='word_1_88' title='bbox 800 2133 934 2220; x_wconf 78' lang='lat' dir='ltr'>Ropocco</span> <span class='ocrx_word' id='word_1_89' title='bbox 949 2133 980 2198; x_wconf 90' lang='lat' dir='ltr'>in</span> <span class='ocrx_word' id='word_1_90' title='bbox 995 2135 1118 2219; x_wconf 81' lang='lat' dir='ltr'>regione</span> <span class='ocrx_word' id='word_1_91' title='bbox 1141 2133 1304 2216; x_wconf 87' lang='lat' dir='ltr'>Lipnensi‚</span> <span class='ocrx_word' id='word_1_92' title='bbox 1327 2133 1356 2197; x_wconf 89' lang='lat' dir='ltr'>in</span> <span class='ocrx_word' id='word_1_93' title='bbox 1378 2134 1426 2198; x_wconf 87' lang='lat' dir='ltr'>ria</span> <span class='ocrx_word' id='word_1_94' title='bbox 1449 2155 1467 2198; x_wconf 88' lang='lat' dir='ltr'>a</span> <span class='ocrx_word' id='word_1_95' title='bbox 1489 2131 1621 2218; x_wconf 85' lang='lat' dir='ltr'>Skompo</span> <span class='ocrx_word' id='word_1_96' title='bbox 1643 2132 1794 2218; x_wconf 81' lang='lat' dir='ltr'>Rypinum</span> <span class='ocrx_word' id='word_1_97' title='bbox 1816 2130 1963 2209; x_wconf 78' lang='lat' dir='ltr'>ducente,</span> <span class='ocrx_word' id='word_1_98' title='bbox 1984 2131 2061 2196; x_wconf 90' lang='lat' dir='ltr'>sitae</span> 
     </span>
     <span class='ocr_line' id='line_1_12' title="bbox 433 2215 2062 2305; baseline -0.002 -21"><span class='ocrx_word' id='word_1_99' title='bbox 433 2218 620 2295; x_wconf 69' lang='lat' dir='ltr'>suetudine,</span> <span class='ocrx_word' id='word_1_100' title='bbox 643 2239 771 2305; x_wconf 87' lang='lat' dir='ltr'>quarum</span> <span class='ocrx_word' id='word_1_101' title='bbox 794 2218 845 2284; x_wconf 88' lang='lat' dir='ltr'>illa</span> <span class='ocrx_word' id='word_1_102' title='bbox 867 2217 904 2282; x_wconf 93' lang='lat' dir='ltr'>ad</span> <span class='ocrx_word' id='word_1_103' title='bbox 929 2219 1104 2303; x_wconf 82' lang='lat' dir='ltr'>parochiam</span> <span class='ocrx_word' id='word_1_104' title='bbox 1126 2217 1215 2302; x_wconf 85' lang='lat' dir='ltr'>hujus</span> <span class='ocrx_word' id='word_1_105' title='bbox 1237 2219 1376 2304; x_wconf 85' lang='lat' dir='ltr'>pertinet</span> <span class='ocrx_word' id='word_1_106' title='bbox 1412 2216 1471 2282; x_wconf 87' lang='lat' dir='ltr'>Sed</span> <span class='ocrx_word' id='word_1_107' title='bbox 1495 2219 1532 2281; x_wconf 87' lang='lat' dir='ltr'>de</span> <span class='ocrx_word' id='word_1_108' title='bbox 1554 2217 1697 2302; x_wconf 76' lang='lat' dir='ltr'>Rogowo</span> <span class='ocrx_word' id='word_1_109' title='bbox 1719 2217 1822 2303; x_wconf 89' lang='lat' dir='ltr'>potius</span> <span class='ocrx_word' id='word_1_110' title='bbox 1844 2217 1893 2282; x_wconf 89' lang='lat' dir='ltr'>hic</span> <span class='ocrx_word' id='word_1_111' title='bbox 1914 2215 1961 2301; x_wconf 80' lang='lat' dir='ltr'>agi</span> <span class='ocrx_word' id='word_1_112' title='bbox 1977 2223 2062 2300; x_wconf 91' lang='lat' dir='ltr'>puto,</span> 
     </span>
     <span class='ocr_line' id='line_1_13' title="bbox 435 2301 1942 2390; baseline -0.001 -20"><span class='ocrx_word' id='word_1_113' title='bbox 435 2324 529 2390; x_wconf 86' lang='lat' dir='ltr'>quarn</span> <span class='ocrx_word' id='word_1_114' title='bbox 547 2303 657 2381; x_wconf 31' lang='lat' dir='ltr'>iniliac,</span> <span class='ocrx_word' id='word_1_115' title='bbox 674 2325 735 2370; x_wconf 89' lang='lat' dir='ltr'>noa</span> <span class='ocrx_word' id='word_1_116' title='bbox 750 2311 853 2369; x_wconf 91' lang='lat' dir='ltr'>autern</span> <span class='ocrx_word' id='word_1_117' title='bbox 868 2302 899 2367; x_wconf 91' lang='lat' dir='ltr'>in</span> <span class='ocrx_word' id='word_1_118' title='bbox 914 2304 1007 2369; x_wconf 89' lang='lat' dir='ltr'>altera</span> <span class='ocrx_word' id='word_1_119' title='bbox 1023 2302 1101 2382; x_wconf 85' lang='lat' dir='ltr'>villa,</span> <span class='ocrx_word' id='word_1_120' title='bbox 1117 2303 1289 2389; x_wconf 77' lang='lat' dir='ltr'>capellanus</span> <span class='ocrx_word' id='word_1_121' title='bbox 1303 2301 1447 2369; x_wconf 85' lang='lat' dir='ltr'>ecclcsiae</span> <span class='ocrx_word' id='word_1_122' title='bbox 1462 2301 1601 2368; x_wconf 87' lang='lat' dir='ltr'>addictus</span> <span class='ocrx_word' id='word_1_123' title='bbox 1616 2323 1682 2368; x_wconf 87' lang='lat' dir='ltr'>esse</span> <span class='ocrx_word' id='word_1_124' title='bbox 1696 2301 1804 2387; x_wconf 80' lang='lat' dir='ltr'>potuit</span> <span class='ocrx_word' id='word_1_125' title='bbox 1934 2353 1942 2368; x_wconf 89' lang='lat'><strong>.</strong></span> 
     </span>
    </p>
   </div>
   <div class='ocr_carea' id='block_1_6' title="bbox 1203 2679 1298 2794">
    <p class='ocr_par' dir='ltr' id='par_1_7' title="bbox 1203 2679 1298 2794">
     <span class='ocr_line' id='line_1_14' title="bbox 1203 2679 1298 2794; baseline -0.021 0"><span class='ocrx_word' id='word_1_126' title='bbox 1203 2679 1298 2794; x_wconf 89' lang='lat' dir='ltr'>llll.</span> 
     </span>
    </p>
   </div>
   <div class='ocr_carea' id='block_1_7' title="bbox 871 2949 1634 3066">
    <p class='ocr_par' dir='ltr' id='par_1_8' title="bbox 871 2949 1634 3066">
     <span class='ocr_line' id='line_1_15' title="bbox 871 2949 1634 3066; baseline 0.005 -22"><span class='ocrx_word' id='word_1_127' title='bbox 871 2949 1260 3066; x_wconf 62' lang='lat' dir='ltr'>wopano&#39;eiae</span> <span class='ocrx_word' id='word_1_128' title='bbox 1285 2979 1443 3044; x_wconf 74' lang='lat' dir='ltr'>anco</span> <span class='ocrx_word' id='word_1_129' title='bbox 1469 2959 1634 3047; x_wconf 88' lang='grc'><strong>1222.</strong></span> 
     </span>
    </p>
   </div>
   <div class='ocr_carea' id='block_1_8' title="bbox 504 3110 2006 3458">
    <p class='ocr_par' dir='ltr' id='par_1_9' title="bbox 504 3110 2006 3458">
     <span class='ocr_line' id='line_1_16' title="bbox 504 3110 2006 3258; baseline 0.002 -23"><span class='ocrx_word' id='word_1_130' title='bbox 504 3110 1013 3236; x_wconf 61' lang='lat' dir='ltr'>&amp;condescensorie</span> <span class='ocrx_word' id='word_1_131' title='bbox 1028 3180 1069 3234; x_wconf 85' lang='lat' dir='ltr'>ox</span> <span class='ocrx_word' id='word_1_132' title='bbox 1084 3161 1220 3254; x_wconf 72' lang='lat' dir='ltr'>uliquis</span> <span class='ocrx_word' id='word_1_133' title='bbox 1234 3161 1559 3258; x_wconf 41' lang='lat' dir='ltr'>privilegiipppoleslai</span> <span class='ocrx_word' id='word_1_134' title='bbox 1573 3162 1626 3236; x_wconf 82' lang='lat' dir='ltr'>ari</span> <span class='ocrx_word' id='word_1_135' title='bbox 1641 3167 1675 3237; x_wconf 84' lang='lat' dir='ltr'>ot</span> <span class='ocrx_word' id='word_1_136' title='bbox 1688 3163 1827 3240; x_wconf 71' lang='lat' dir='ltr'>wana</span> <span class='ocrx_word' id='word_1_137' title='bbox 1840 3165 1940 3256; x_wconf 71' lang='lat' dir='ltr'>pacis</span> <span class='ocrx_word' id='word_1_138' title='bbox 1955 3164 2006 3240; x_wconf 88' lang='lat' dir='ltr'>sui</span> 
     </span>
     <span class='ocr_line' id='line_1_17' title="bbox 561 3262 1950 3354; baseline 0.004 -20"><span class='ocrx_word' id='word_1_139' title='bbox 561 3263 736 3354; x_wconf 83' lang='lat' dir='ltr'>oxcnplua</span> <span class='ocrx_word' id='word_1_140' title='bbox 752 3262 813 3335; x_wconf 84' lang='lat' dir='ltr'>sili</span> <span class='ocrx_word' id='word_1_141' title='bbox 827 3279 970 3349; x_wconf 74' lang='lat' dir='ltr'>amoos,</span> <span class='ocrx_word' id='word_1_142' title='bbox 984 3264 1122 3336; x_wconf 76' lang='lat' dir='ltr'>metina</span> <span class='ocrx_word' id='word_1_143' title='bbox 1137 3264 1331 3354; x_wconf 82' lang='lat' dir='ltr'>ascriptitios</span> <span class='ocrx_word' id='word_1_144' title='bbox 1346 3264 1489 3336; x_wconf 72' lang='lat' dir='ltr'>vilain</span> <span class='ocrx_word' id='word_1_145' title='bbox 1503 3264 1684 3340; x_wconf 63' lang='lat' dir='ltr'>comani</span> <span class='ocrx_word' id='word_1_146' title='bbox 1699 3265 1950 3340; x_wconf 77' lang='lat' dir='ltr'>tzornnaocnsis</span> 
     </span>
     <span class='ocr_line' id='line_1_18' title="bbox 951 3364 1545 3458; baseline 0.005 -22"><span class='ocrx_word' id='word_1_147' title='bbox 951 3364 1165 3458; x_wconf 74' lang='lat' dir='ltr'>jurisdictioni</span> <span class='ocrx_word' id='word_1_148' title='bbox 1182 3365 1311 3440; x_wconf 71' lang='lat' dir='ltr'>illius</span> <span class='ocrx_word' id='word_1_149' title='bbox 1325 3365 1481 3458; x_wconf 82' lang='lat' dir='ltr'>permittit</span> <span class='ocrx_word' id='word_1_150' title='bbox 1496 3367 1545 3454; x_wconf 85' lang='lat'>(¹).</span> 
     </span>
    </p>
   </div>
   <div class='ocr_carea' id='block_1_9' title="bbox 396 3585 2067 4302">
    <p class='ocr_par' dir='ltr' id='par_1_10' title="bbox 396 3585 2067 4302">
     <span class='ocr_line' id='line_1_19' title="bbox 540 3585 2065 3708; baseline 0.004 -35"><span class='ocrx_word' id='word_1_151' title='bbox 540 3585 629 3704; x_wconf 80' lang='lat' dir='ltr'>Ego</span> <span class='ocrx_word' id='word_1_152' title='bbox 653 3588 696 3674; x_wconf 89' lang='lat' dir='ltr'>C.</span> <span class='ocrx_word' id='word_1_153' title='bbox 720 3587 914 3701; x_wconf 81' lang='lat' dir='ltr'>(onradus)</span> <span class='ocrx_word' id='word_1_154' title='bbox 936 3585 996 3676; x_wconf 87' lang='lat' dir='ltr'>dei</span> <span class='ocrx_word' id='word_1_155' title='bbox 1016 3590 1148 3708; x_wconf 83' lang='lat' dir='ltr'>gracia</span> <span class='ocrx_word' id='word_1_156' title='bbox 1168 3587 1270 3678; x_wconf 70' lang='lat' dir='ltr'>Dux·</span> <span class='ocrx_word' id='word_1_157' title='bbox 1297 3589 1473 3677; x_wconf 83' lang='lat' dir='ltr'>lilazovie</span> <span class='ocrx_word' id='word_1_158' title='bbox 1495 3606 1532 3678; x_wconf 88' lang='lat' dir='ltr'>et</span> <span class='ocrx_word' id='word_1_159' title='bbox 1568 3589 1747 3704; x_wconf 85' lang='lat' dir='ltr'>Qniavie,</span> <span class='ocrx_word' id='word_1_160' title='bbox 1795 3592 1987 3698; x_wconf 87' lang='lat' dir='ltr'>omnibus,</span> <span class='ocrx_word' id='word_1_161' title='bbox 2015 3589 2065 3679; x_wconf 91' lang='lat' dir='ltr'>ad</span> 
     </span>
     <span class='ocr_line' id='line_1_20' title="bbox 441 3707 2067 3825; baseline 0.004 -35"><span class='ocrx_word' id='word_1_162' title='bbox 441 3735 537 3825; x_wconf 89' lang='lat' dir='ltr'>quos</span> <span class='ocrx_word' id='word_1_163' title='bbox 557 3735 718 3822; x_wconf 86' lang='lat' dir='ltr'>presens</span> <span class='ocrx_word' id='word_1_164' title='bbox 760 3707 900 3824; x_wconf 79' lang='lat' dir='ltr'>pagina</span> <span class='ocrx_word' id='word_1_165' title='bbox 920 3709 1151 3822; x_wconf 85' lang='lat' dir='ltr'>pervenerit,</span> <span class='ocrx_word' id='word_1_166' title='bbox 1188 3707 1347 3796; x_wconf 83' lang='lat' dir='ltr'>salutern</span> <span class='ocrx_word' id='word_1_167' title='bbox 1382 3711 1417 3810; x_wconf 85' lang='lat' dir='ltr'>in</span> <span class='ocrx_word' id='word_1_168' title='bbox 1459 3724 1616 3795; x_wconf 83' lang='lat' dir='ltr'>auctore</span> <span class='ocrx_word' id='word_1_169' title='bbox 1656 3709 1797 3798; x_wconf 77' lang='lat' dir='ltr'>salutis,</span> <span class='ocrx_word' id='word_1_170' title='bbox 1838 3709 1979 3798; x_wconf 89' lang='lat' dir='ltr'>Notum</span> <span class='ocrx_word' id='word_1_171' title='bbox 2021 3710 2067 3797; x_wconf 83' lang='lat' dir='ltr'>sii</span> 
     </span>
     <span class='ocr_line' id='line_1_21' title="bbox 439 3823 2066 3947; baseline 0.003 -39"><span class='ocrx_word' id='word_1_172' title='bbox 439 3823 737 3939; x_wconf 79' lang='lat' dir='ltr'>presentibusel</span> <span class='ocrx_word' id='word_1_173' title='bbox 756 3823 877 3928; x_wconf 90' lang='lat' dir='ltr'>sciant</span> <span class='ocrx_word' id='word_1_174' title='bbox 897 3825 1024 3932; x_wconf 81' lang='lat' dir='ltr'>loturi,</span> <span class='ocrx_word' id='word_1_175' title='bbox 1065 3825 1167 3942; x_wconf 90' lang='lat' dir='ltr'>quod</span> <span class='ocrx_word' id='word_1_176' title='bbox 1189 3856 1264 3946; x_wconf 81' lang='lat' dir='ltr'>ego</span> <span class='ocrx_word' id='word_1_177' title='bbox 1286 3826 1372 3912; x_wconf 87' lang='lat' dir='ltr'>Dux</span> <span class='ocrx_word' id='word_1_178' title='bbox 1411 3825 1454 3910; x_wconf 87' lang='lat' dir='ltr'>C.</span> <span class='ocrx_word' id='word_1_179' title='bbox 1495 3825 1689 3938; x_wconf 89' lang='lat' dir='ltr'>(onradus)</span> <span class='ocrx_word' id='word_1_180' title='bbox 1727 3827 1926 3928; x_wconf 86' lang='lat' dir='ltr'>confirmo,</span> <span class='ocrx_word' id='word_1_181' title='bbox 1964 3824 2066 3947; x_wconf 90' lang='lat' dir='ltr'>quod</span> 
     </span>
     <span class='ocr_line' id='line_1_22' title="bbox 440 3939 2067 4059; baseline 0.003 -32"><span class='ocrx_word' id='word_1_182' title='bbox 440 3971 535 4032; x_wconf 90' lang='lat' dir='ltr'>avus</span> <span class='ocrx_word' id='word_1_183' title='bbox 557 3947 668 4030; x_wconf 76' lang='lat' dir='ltr'>nieud</span> <span class='ocrx_word' id='word_1_184' title='bbox 684 3939 732 4026; x_wconf 92' lang='lat' dir='ltr'>B.</span> <span class='ocrx_word' id='word_1_185' title='bbox 765 3939 956 4054; x_wconf 84' lang='lat' dir='ltr'>(oleslaus)</span> <span class='ocrx_word' id='word_1_186' title='bbox 973 3955 1011 4026; x_wconf 88' lang='lat' dir='ltr'>et</span> <span class='ocrx_word' id='word_1_187' title='bbox 1027 3941 1251 4030; x_wconf 86' lang='lat' dir='ltr'>Kasirnarus</span> <span class='ocrx_word' id='word_1_188' title='bbox 1268 3958 1375 4059; x_wconf 84' lang='lat' dir='ltr'>pater</span> <span class='ocrx_word' id='word_1_189' title='bbox 1395 3973 1501 4030; x_wconf 81' lang='lat' dir='ltr'>naeus</span> <span class='ocrx_word' id='word_1_190' title='bbox 1518 3943 1754 4032; x_wconf 86' lang='lat' dir='ltr'>contulerunt</span> <span class='ocrx_word' id='word_1_191' title='bbox 1774 3947 1935 4039; x_wconf 86' lang='lat' dir='ltr'>ecclesie</span> <span class='ocrx_word' id='word_1_192' title='bbox 1956 3945 2067 4032; x_wconf 90' lang='lat' dir='ltr'>beate</span> 
     </span>
     <span class='ocr_line' id='line_1_23' title="bbox 441 4055 2067 4182; baseline 0.004 -40"><span class='ocrx_word' id='word_1_193' title='bbox 441 4055 562 4144; x_wconf 87' lang='lat' dir='ltr'>lllarie</span> <span class='ocrx_word' id='word_1_194' title='bbox 587 4057 847 4163; x_wconf 83' lang='lat' dir='ltr'>Cirvenensis,</span> <span class='ocrx_word' id='word_1_195' title='bbox 880 4060 1021 4146; x_wconf 89' lang='lat' dir='ltr'>scilicet</span> <span class='ocrx_word' id='word_1_196' title='bbox 1036 4062 1137 4177; x_wconf 91' lang='lat' dir='ltr'>quod</span> <span class='ocrx_word' id='word_1_197' title='bbox 1153 4062 1322 4147; x_wconf 83' lang='lat' dir='ltr'>homines</span> <span class='ocrx_word' id='word_1_198' title='bbox 1338 4062 1418 4149; x_wconf 89' lang='lat' dir='ltr'>eius</span> <span class='ocrx_word' id='word_1_199' title='bbox 1439 4061 1636 4178; x_wconf 85' lang='lat' dir='ltr'>ascripticij</span> <span class='ocrx_word' id='word_1_200' title='bbox 1653 4063 1864 4182; x_wconf 89' lang='lat' dir='ltr'>ubicunque</span> <span class='ocrx_word' id='word_1_201' title='bbox 1880 4061 2067 4151; x_wconf 89' lang='lat' dir='ltr'>constituti</span> 
     </span>
     <span class='ocr_line' id='line_1_24' title="bbox 396 4174 2067 4302; baseline 0.005 -43"><span class='ocrx_word' id='word_1_202' title='bbox 396 4287 405 4302; x_wconf 17' lang='grc' dir='ltr'><strong><em>κ</em></strong></span> <span class='ocrx_word' id='word_1_203' title='bbox 443 4204 519 4261; x_wconf 92' lang='lat' dir='ltr'>non</span> <span class='ocrx_word' id='word_1_204' title='bbox 539 4175 702 4264; x_wconf 87' lang='lat' dir='ltr'>debeant</span> <span class='ocrx_word' id='word_1_205' title='bbox 721 4177 770 4264; x_wconf 81' lang='lat' dir='ltr'>ab</span> <span class='ocrx_word' id='word_1_206' title='bbox 791 4174 917 4298; x_wconf 87' lang='lat' dir='ltr'>aliquo</span> <span class='ocrx_word' id='word_1_207' title='bbox 938 4179 1112 4297; x_wconf 83' lang='lat' dir='ltr'>iudicarj‚</span> <span class='ocrx_word' id='word_1_208' title='bbox 1152 4181 1222 4266; x_wconf 90' lang='lat' dir='ltr'>nisi</span> <span class='ocrx_word' id='word_1_209' title='bbox 1243 4180 1291 4265; x_wconf 93' lang='lat' dir='ltr'>ab</span> <span class='ocrx_word' id='word_1_210' title='bbox 1312 4180 1463 4266; x_wconf 84' lang='lat' dir='ltr'>Abbate</span> <span class='ocrx_word' id='word_1_211' title='bbox 1484 4179 1557 4265; x_wconf 93' lang='lat' dir='ltr'>loci</span> <span class='ocrx_word' id='word_1_212' title='bbox 1577 4177 1682 4292; x_wconf 89' lang='lat' dir='ltr'>dicti,</span> <span class='ocrx_word' id='word_1_213' title='bbox 1724 4183 1785 4300; x_wconf 94' lang='lat' dir='ltr'>qui</span> <span class='ocrx_word' id='word_1_214' title='bbox 1826 4182 1859 4271; x_wconf 92' lang='lat' dir='ltr'>si</span> <span class='ocrx_word' id='word_1_215' title='bbox 1888 4174 2067 4270; x_wconf 86' lang='lat' dir='ltr'>iusticiani</span> 
     </span>
    </p>
   </div>
   <div class='ocr_carea' id='block_1_10' title="bbox 427 4457 2071 4806">
    <p class='ocr_par' dir='ltr' id='par_1_11' title="bbox 427 4457 2071 4806">
     <span class='ocr_line' id='line_1_25' title="bbox 427 4457 2071 4562; baseline 0.005 -38"><span class='ocrx_word' id='word_1_216' title='bbox 427 4497 430 4506; x_wconf 93' lang='lat'>·</span> <span class='ocrx_word' id='word_1_217' title='bbox 545 4457 589 4544; x_wconf 84' lang='lat'>(¹)</span> <span class='ocrx_word' id='word_1_218' title='bbox 618 4459 769 4526; x_wconf 81' lang='lat' dir='ltr'>Elabula</span> <span class='ocrx_word' id='word_1_219' title='bbox 793 4459 966 4528; x_wconf 78' lang='lat' dir='ltr'>authentica</span> <span class='ocrx_word' id='word_1_220' title='bbox 995 4483 1197 4562; x_wconf 72' lang='lat' dir='ltr'>pergamena,</span> <span class='ocrx_word' id='word_1_221' title='bbox 1227 4461 1258 4528; x_wconf 91' lang='lat' dir='ltr'>in</span> <span class='ocrx_word' id='word_1_222' title='bbox 1279 4463 1460 4531; x_wconf 88' lang='lat' dir='ltr'>bibliotheca</span> <span class='ocrx_word' id='word_1_223' title='bbox 1490 4463 1696 4550; x_wconf 84' lang='lat' dir='ltr'>Zcmojscianc</span> <span class='ocrx_word' id='word_1_224' title='bbox 1725 4466 1887 4533; x_wconf 85' lang='lat' dir='ltr'>Varsariao</span> <span class='ocrx_word' id='word_1_225' title='bbox 1909 4472 2071 4534; x_wconf 67' lang='lat' dir='ltr'>enervata</span> 
     </span>
     <span class='ocr_line' id='line_1_26' title="bbox 443 4542 2070 4631; baseline 0.004 -23"><span class='ocrx_word' id='word_1_226' title='bbox 443 4542 475 4608; x_wconf 91' lang='lat' dir='ltr'>Si</span> <span class='ocrx_word' id='word_1_227' title='bbox 497 4543 579 4622; x_wconf 89' lang='lat' dir='ltr'>illurn</span> <span class='ocrx_word' id='word_1_228' title='bbox 603 4544 768 4610; x_wconf 87' lang='lat' dir='ltr'>rotundum</span> <span class='ocrx_word' id='word_1_229' title='bbox 790 4545 827 4611; x_wconf 91' lang='lat' dir='ltr'>de</span> <span class='ocrx_word' id='word_1_230' title='bbox 843 4567 912 4610; x_wconf 88' lang='lat' dir='ltr'>cera</span> <span class='ocrx_word' id='word_1_231' title='bbox 928 4566 1006 4631; x_wconf 90' lang='lat' dir='ltr'>quae</span> <span class='ocrx_word' id='word_1_232' title='bbox 1021 4549 1093 4613; x_wconf 82' lang='lat' dir='ltr'>olim</span> <span class='ocrx_word' id='word_1_233' title='bbox 1110 4547 1211 4615; x_wconf 86' lang='lat' dir='ltr'>viridis</span> <span class='ocrx_word' id='word_1_234' title='bbox 1231 4547 1339 4613; x_wconf 86' lang='lat' dir='ltr'>coloris</span> <span class='ocrx_word' id='word_1_235' title='bbox 1362 4547 1451 4614; x_wconf 88' lang='lat' dir='ltr'>luisse</span> <span class='ocrx_word' id='word_1_236' title='bbox 1472 4547 1608 4628; x_wconf 90' lang='lat' dir='ltr'>videtur,</span> <span class='ocrx_word' id='word_1_237' title='bbox 1631 4548 1661 4614; x_wconf 89' lang='lat' dir='ltr'>in</span> <span class='ocrx_word' id='word_1_238' title='bbox 1683 4549 1817 4616; x_wconf 90' lang='lat' dir='ltr'>luniculo</span> <span class='ocrx_word' id='word_1_239' title='bbox 1837 4552 1936 4616; x_wconf 89' lang='lat' dir='ltr'>serico</span> <span class='ocrx_word' id='word_1_240' title='bbox 1959 4549 2070 4616; x_wconf 87' lang='lat' dir='ltr'>coloris</span> 
     </span>
     <span class='ocr_line' id='line_1_27' title="bbox 444 4566 2070 4718; baseline 0.006 -26"><span class='ocrx_word' id='word_1_241' title='bbox 444 4566 528 4692; x_wconf 67' lang='lat' dir='ltr'>ruisti</span> <span class='ocrx_word' id='word_1_242' title='bbox 551 4651 733 4716; x_wconf 88' lang='lat' dir='ltr'>appensum,</span> <span class='ocrx_word' id='word_1_243' title='bbox 755 4637 965 4714; x_wconf 86' lang='lat' dir='ltr'>repraesentat</span> <span class='ocrx_word' id='word_1_244' title='bbox 986 4641 1135 4698; x_wconf 87' lang='lat' dir='ltr'>armatum</span> <span class='ocrx_word' id='word_1_245' title='bbox 1160 4640 1190 4698; x_wconf 88' lang='lat' dir='ltr'>et</span> <span class='ocrx_word' id='word_1_246' title='bbox 1212 4631 1302 4717; x_wconf 90' lang='lat' dir='ltr'>pallio</span> <span class='ocrx_word' id='word_1_247' title='bbox 1324 4641 1438 4699; x_wconf 87' lang='lat' dir='ltr'>tectum</span> <span class='ocrx_word' id='word_1_248' title='bbox 1462 4634 1612 4718; x_wconf 82' lang='lat' dir='ltr'>equitem,</span> <span class='ocrx_word' id='word_1_249' title='bbox 1634 4634 1686 4718; x_wconf 89' lang='lat' dir='ltr'>qui</span> <span class='ocrx_word' id='word_1_250' title='bbox 1708 4633 1813 4701; x_wconf 84' lang='lat' dir='ltr'>dextra</span> <span class='ocrx_word' id='word_1_251' title='bbox 1832 4635 1949 4702; x_wconf 66' lang='lat' dir='ltr'>lissum</span> <span class='ocrx_word' id='word_1_252' title='bbox 1964 4643 2070 4702; x_wconf 81' lang='lat' dir='ltr'>tenens</span> 
     </span>
     <span class='ocr_line' id='line_1_28' title="bbox 445 4709 2070 4806; baseline 0.004 -29"><span class='ocrx_word' id='word_1_253' title='bbox 445 4709 588 4778; x_wconf 79' lang='lat' dir='ltr'>volitante</span> <span class='ocrx_word' id='word_1_254' title='bbox 610 4735 699 4798; x_wconf 88' lang='lat' dir='ltr'>supra</span> <span class='ocrx_word' id='word_1_255' title='bbox 723 4722 814 4799; x_wconf 90' lang='lat' dir='ltr'>capnt</span> <span class='ocrx_word' id='word_1_256' title='bbox 834 4713 902 4778; x_wconf 85' lang='lat' dir='ltr'>velo</span> <span class='ocrx_word' id='word_1_257' title='bbox 925 4713 1115 4793; x_wconf 80' lang='lat' dir='ltr'>instructam,</span> <span class='ocrx_word' id='word_1_258' title='bbox 1137 4717 1174 4782; x_wconf 91' lang='lat' dir='ltr'>ad</span> <span class='ocrx_word' id='word_1_259' title='bbox 1191 4717 1328 4784; x_wconf 80' lang='lat' dir='ltr'>dextram</span> <span class='ocrx_word' id='word_1_260' title='bbox 1352 4719 1438 4804; x_wconf 77' lang='lat' dir='ltr'>sigilli</span> <span class='ocrx_word' id='word_1_261' title='bbox 1460 4725 1576 4804; x_wconf 86' lang='lat' dir='ltr'>partem</span> <span class='ocrx_word' id='word_1_262' title='bbox 1591 4738 1756 4786; x_wconf 79' lang='lat' dir='ltr'>conversus</span> <span class='ocrx_word' id='word_1_263' title='bbox 1769 4721 1962 4806; x_wconf 84' lang='lat' dir='ltr'>conspicitur.</span> <span class='ocrx_word' id='word_1_264' title='bbox 1988 4719 2070 4806; x_wconf 87' lang='lat' dir='ltr'>Equi</span> 
     </span>
    </p>
   </div>
   <div class='ocr_carea' id='block_1_11' title="bbox 445 4797 2069 4974">
    <p class='ocr_par' dir='ltr' id='par_1_12' title="bbox 445 4797 2069 4974">
     <span class='ocr_line' id='line_1_29' title="bbox 445 4797 2069 4888; baseline 0.006 -28"><span class='ocrx_word' id='word_1_265' title='bbox 445 4802 570 4862; x_wconf 84' lang='lat' dir='ltr'>ornatus</span> <span class='ocrx_word' id='word_1_266' title='bbox 591 4799 776 4881; x_wconf 81' lang='lat' dir='ltr'>magnificus.</span> <span class='ocrx_word' id='word_1_267' title='bbox 812 4799 859 4864; x_wconf 85' lang='lat' dir='ltr'>Ex</span> <span class='ocrx_word' id='word_1_268' title='bbox 880 4797 1075 4884; x_wconf 88' lang='lat' dir='ltr'>inscriptione</span> <span class='ocrx_word' id='word_1_269' title='bbox 1097 4801 1227 4884; x_wconf 80' lang='lat' dir='ltr'>sigillum</span> <span class='ocrx_word' id='word_1_270' title='bbox 1246 4803 1400 4870; x_wconf 86' lang='lat' dir='ltr'>ambiente</span> <span class='ocrx_word' id='word_1_271' title='bbox 1422 4824 1460 4870; x_wconf 85' lang='lat' dir='ltr'>ox</span> <span class='ocrx_word' id='word_1_272' title='bbox 1482 4801 1575 4869; x_wconf 87' lang='lat' dir='ltr'>altera</span> <span class='ocrx_word' id='word_1_273' title='bbox 1597 4811 1685 4888; x_wconf 85' lang='lat' dir='ltr'>parto</span> <span class='ocrx_word' id='word_1_274' title='bbox 1705 4805 1749 4882; x_wconf 88' lang='lat' dir='ltr'>„si</span> <span class='ocrx_word' id='word_1_275' title='bbox 1764 4851 1865 4871; x_wconf 90' lang='grc'><strong>.....</strong></span> <span class='ocrx_word' id='word_1_276' title='bbox 1866 4805 1892 4884; x_wconf 87' lang='grc'>”,</span> <span class='ocrx_word' id='word_1_277' title='bbox 1917 4825 1954 4872; x_wconf 87' lang='lat' dir='ltr'>ex</span> <span class='ocrx_word' id='word_1_278' title='bbox 1976 4804 2069 4871; x_wconf 86' lang='lat' dir='ltr'>altera</span> 
     </span>
     <span class='ocr_line' id='line_1_30' title="bbox 445 4880 1194 4974; baseline 0.005 -29"><span class='ocrx_word' id='word_1_279' title='bbox 445 4901 498 4958; x_wconf 90' lang='lat' dir='ltr'>„as</span> <span class='ocrx_word' id='word_1_280' title='bbox 510 4929 518 4946; x_wconf 89' lang='lat'><strong>.</strong></span> <span class='ocrx_word' id='word_1_281' title='bbox 531 4928 539 4945; x_wconf 92' lang='lat'><strong>.</strong></span> <span class='ocrx_word' id='word_1_282' title='bbox 550 4927 559 4945; x_wconf 92' lang='lat'><strong>.</strong></span> <span class='ocrx_word' id='word_1_283' title='bbox 570 4880 598 4944; x_wconf 89' lang='lat'>.&#39;&#39;</span> <span class='ocrx_word' id='word_1_284' title='bbox 612 4889 716 4974; x_wconf 72' lang='lat' dir='ltr'>restat,</span> <span class='ocrx_word' id='word_1_285' title='bbox 730 4883 847 4968; x_wconf 86' lang='lat' dir='ltr'>reliqua</span> <span class='ocrx_word' id='word_1_286' title='bbox 861 4883 991 4969; x_wconf 87' lang='lat' dir='ltr'>abrupta</span> <span class='ocrx_word' id='word_1_287' title='bbox 1005 4883 1194 4950; x_wconf 79' lang='lat' dir='ltr'>interierunt</span> 
     </span>
    </p>
   </div>
   <div class='ocr_carea' id='block_1_12' title="bbox 0 0 2462 5940">
    <p class='ocr_par' dir='ltr' id='par_1_13' title="bbox 0 0 2462 5940">
     <span class='ocr_line' id='line_1_31' title="bbox 0 0 2462 5940; baseline 0 0"><span class='ocrx_word' id='word_1_288' title='bbox 0 0 2462 5940; x_wconf 95' lang='lat' dir='ltr'> </span> 
     </span>
    </p>
   </div>
  </div>
 </body>
</html>
