4778 5952
1000 765 1274 840 -ott-

321 969 358 1057 et
387 967 597 1082 Tenutetijs
631 965 1026 1082 Rodzeijouiensibus,
1058 968 1120 1084 qui
1151 995 1222 1082 pro
1252 981 1423 1083 tempore
1452 965 1612 1068 fueritiS,
1645 965 1778 1056 donus
1810 971 1949 1056 nostris

319 1087 457 1172 strietis
472 1115 498 1174 ‚r
549 1085 671 1170 stibus
690 1086 726 1170 in
748 1084 957 1170 commissis
979 1087 1129 1171 omnino
1150 1083 1292 1170 hebere
1311 1083 1493 1188 volentes,
1525 1097 1709 1202 quotenus
1729 1091 1949 1203 pr'enotetos

321 1113 875 1317 Consuleiiiedmijouienses,
908 1202 970 1319 qui
990 1231 1061 1318 pro
1082 1195 1269 1320 tempore,
1300 1216 1339 1287 ut
1358 1202 1588 1320 premittitur,
1616 1201 1768 1306 suerint,
1800 1203 1835 1287 in
1857 1233 1949 1293 ven-

319 1319 466 1405 dicione
497 1320 623 1405 minuti
653 1318 743 1406 setis
773 1319 969 1437 prescripti
998 1320 1178 1437 impetere
1209 1316 1639 1422 nullatenusdebeetis,
1670 1317 1720 1403 ad
1747 1319 1949 1410 voluntatis
1986 1339 1990 1346 “

319 1451 448 1524 nostre
468 1434 740 1554 benepinoiturn
756 1451 797 1522 ut
811 1437 1018 1554 pretiertur.
1047 1436 1159 1522 Aliud
1181 1465 1251 1553 pro
1272 1441 1404 1522 nostre
1474 1437 1556 1522 acie
1573 1435 1700 1542 iecere
1709 1433 1791 1524 ¹non
1808 1439 1946 1547 ausuri.

317 1553 457 1640 Datum
478 1554 514 1638 in
536 1561 795 1642 Nouum'uitote
815 1553 907 1639 alias
928 1559 1104 1655 Koreton,
1136 1553 1219 1669 ipso
1240 1552 1301 1638 die
1321 1551 1430 1641 Deoo
1446 1553 1603 1641 ioeionis
1623 1553 1721 1639 beati
1750 1545 1947 1661 iohannis,

318 1699 419 1758 anno
450 1669 589 1758 domini
619 1671 811 1759 millesimo
840 1669 1211 1792 quadringentesimo
1233 1685 1384 1784 quarto,
1415 1685 1546 1759 nostro
1567 1669 1692 1790 sigillo
1712 1669 1947 1789 presentibus

318 1787 573 1908 subappenso.

968 2123 971 2130 ’
1069 2101 1201 2218 unt.

585 2375 833 2469 luendae,
860 2369 1195 2458 unu01405
1222 2371 1274 2456 d.
1304 2370 1384 2458 24
1408 2393 1478 2457 m.
1504 2373 1683 2460 ronst.
1718 2341 1721 2344 ¹
1798 2313 1801 2320 Ι

318 2571 629 2650 wladislaus
649 2529 718 2647 ttex
738 2573 883 2647 rotano
896 2531 1009 2663 neno
1022 2589 1145 2646 norm
1159 2575 1304 2645 nouom
1317 2572 1350 2644 tu
1364 2574 1399 2645 ot
1412 2573 1593 2665 supernus
1607 2591 1667 2647 rut
1687 2575 1797 2644 ttorza
1816 2525 1945 2648 ttootw
2138 2515 2142 2526 ι

516 2683 519 2688 ’
578 2708 581 2717 ·
837 2674 1422 2766 uaedtebctonotztntssnttb).

419 2891 659 3016 wratistaus'
674 2897 736 2985 dei
755 2897 888 3016 grecie
907 2896 996 2983 Rex
1015 2895 1185 3014 Polouie,
1209 2895 1506 3015 Lytbwnnieque
1526 2897 1945 3017 princeps'supprenus

318 3030 356 3124 et
384 3015 498 3100 heros
527 3014 669 3101 Russie
699 3030 770 3101 ete.
826 3013 1092 3131 Signitioumus
1128 3015 1264 3130 quibus
1300 3015 1453 3132 expedit
1486 3015 1680 3103 uniuersis.
1735 3011 1951 3124 Quomodo·

316 3125 456 3221 attente
476 3131 609 3216 mentis
630 3127 757 3216 intuitu
780 3127 1058 3248 perpendentes
1080 3145 1117 3242 et
1136 3131 1174 3213 in
1193 3132 1318 3217 enirno
1335 3132 1575 3221 'reuoluentes
1645 3143 1708 3215 ota
1738 3142 1774 3215 et
1794 3127 1947 3215 multum

317 3264 478 3366 acceptu
504 3247 684 3350 seruicia,
720 3276 793 3364 que
821 3243 1029 3331 celsitudini
1056 3258 1186 3330 nostre
1220 3244 1402 3335 Nicotaus
1432 3247 1554 3335 dietus
1590 3159 1731 3333 ibina
1758 3244 1869 3332 heres
1897 3246 1946 3335 de

317 3359 515 3453 Lubomirz
536 3362 717 3468 exhibuit,
746 3377 784 3448 et
804 3363 839 3448 in
860 3362 1031 3468 futurum,
1053 3377 1169 3476 sueto
1191 3361 1378 3452 fidetiuts
1400 3364 1535 3469 studio,
1556 3364 1791 3480 prestenoius
1810 3369 1948 3478 poterit

316 3484 514 3600 exbibere3
551 3475 709 3600 quorum
737 3481 865 3567 intuitu
894 3480 1089 3596 cupientes
1120 3481 1240 3594 ipsum
1273 3479 1735 3600 speeieliunrgreciennn
1765 3508 1882 3596 prose
1911 3483 1947 3567 ui

315 3600 518 3702 fenoribus,
546 3613 584 3684 et
603 3597 654 3684 ed
674 3597 857 3716 obsequia
878 3611 1009 3683 nostre
1028 3594 1190 3683 reddere
1211 3597 1498 3714 pronupoioreur,
1517 3596 1588 3684 sibi
1607 3597 1644 3684 in
1666 3614 1703 3684 et
1722 3511 1946 3715 super'viiln

315 3731 448 3806 nostro
467 3721 624 3815 ttorza,
655 3716 692 3800 in
713 3713 881 3801 distriotu
910 3712 1113 3802 Kalisiensi
1134 3714 1225 3818 sito,
1253 3716 1386 3833 viginti
1405 3740 1554 3822 meroes
1575 3725 1724 3802 monete
1745 3715 1888 3800 numeri
1909 3728 1947 3802 et

315 3834 496 3956 ponderis
528 3831 793 3952 polonioeiiuru
823 3832 1104 3952 ossignauirnus
1124 3844 1162 3917 et
1181 3829 1373 3937 dedimus,
1404 3831 1614 3952 demusque
1635 3849 1672 3920 et
1692 3835 1945 3951 assignamus,

316 3952 567 4072 quodraginta
589 3967 676 4039 octo
696 3976 861 4070 grossos
882 3951 920 4036 in
940 3950 1141 4070 qtremiibet
1160 3977 1326 4038 mereatu
1348 3951 1613 4070 computando.
1652 3949 1777 4063 Quem
1846 3949 1950 4037 idem'

219 4141 228 4150 .
314 4063 439 4157 vittoni
473 4076 614 4159 Mouza
646 4069 746 4156 idem
780 4063 962 4158 Nioolnus
993 4065 1135 4156 Sienke
1167 4097 1252 4156 oum
1283 4070 1455 4159 omnibus'
1487 4069 1683 4173 censibus,
1724 4066 1943 4173 reditibus,

316 4180 444 4307 egris,
474 4187 611 4302 protis,
642 4187 805 4300 eampis,
836 4184 949 4291 siluis,
978 4186 1203 4300 nemoribus,
1224 4185 1462 4304 pertinenoijs
1483 4201 1520 4272 et
1540 4183 1737 4319 appendijs
1758 4186 1943 4274 uniuersis

315 4304 463 4406 tenebit,
478 4301 632 4390 hebebit
645 4316 683 4387 et
697 4301 854 4418 peeisroe
869 4301 1075 4416 possidebit
1092 4302 1241 4408 tamdiu,
1260 4333 1456 4420 quousque
1472 4302 1541 4389 sibi
1556 4302 1657 4390 dioto
1671 4303 1800 4420 vrginti
1816 4334 1944 4393 maroe

316 4437 464 4510 monete
490 4417 659 4538 eiusdem
685 4449 755 4538 per
783 4447 854 4505 nos
881 4418 942 4504 uel
964 4447 1213 4509 successores
1233 4434 1384 4532 nostros
1404 4421 1539 4507 suerint
1557 4421 1789 4540 integraliter
1808 4450 1943 4539 perso-

316 4541 419 4626 lute.¹
451 4533 618 4645 Horum,
645 4538 780 4655 quibus
800 4536 962 4656 sigilium
982 4547 1149 4624 nostrum
1170 4562 1378 4654 appensum
1400 4553 1470 4646 est,
1490 4540 1701 4627 testimonio
1728 4541 1940 4627 litterarum.
1964 4597 1977 4624 -.

420 4786 459 4873 (¹)
488 4785 534 4853 Ex
549 4787 711 4874 orobetypo
726 4787 959 4856 mombrunnoeo
973 4787 1004 4853 in
1019 4786 1211 4854 Versurieusi
1223 4786 1374 4856 tubuturio
1389 4788 1511 4876 publico
1533 4791 1630 4876 Regni
1646 4789 1791 4856 Potoniuo
1807 4788 1862 4858 N'0
1876 4789 1940 4858 399

279 4949 284 4958 ,
319 4871 795 4958 arsenntoonisigittumdoost
1442 4893 1446 4900 ·
