4870 5948
1058 747 1304 818 „41-

370 939 598 1060 quandoque
627 942 725 1030 solet
755 944 859 1048 oriri,
891 972 1052 1030 necesse
1088 957 1166 1050 est,
1204 959 1244 1030 ut
1274 976 1432 1064 quorum
1462 948 1589 1036 notitia
1620 947 1902 1038 transmittenda
1933 966 1991 1038 est
2105 959 2110 970 '

367 1061 547 1174 posteris,
577 1089 825 1176 personarum
847 1060 1057 1148 testimonio
1079 1061 1337 1159 etalitterarum
1356 1067 1536 1152 memoria
1551 1064 1844 1183 perhennentur.
1900 1065 1991 1184 Ego

369 1177 481 1294 igitur
500 1176 611 1266 Vitus
642 1177 701 1264 dei
727 1179 858 1298 gracia
871 1178 1147 1286 ¹Cracovien'sis
1167 1179 1410 1296 PreposituS,
1441 1197 1569 1269 notum
1589 1185 1687 1270 facio
1709 1199 1782 1270 tam
1804 1186 1991 1300 presentis

368 1324 480 1410 quam
508 1296 620 1383 futuri
650 1298 829 1414 temporis
851 1295 1087 1400 Christianis,
1134 1297 1268 1413 quibus
1298 1298 1371 1385 bec
1400 1299 1519 1408 littera
1549 1302 1658 1386 tuerit
1678 1317 1850 1406 ostensa,
1887 1300 1990 1418 quod

367 1410 491 1498 viliam
501 1443 623 1500 meam
633 1409 858 1525 Zmrooooff)
872 1413 1021 1500 vendidi
1032 1443 1103 1530 pro
1112 1410 1182 1501 LX
1192 1417 1328 1502 marcis
1338 1416 1504 1503 Henrico
1514 1419 1717 1534 Prepesito
1732 1417 1991 1506 Mechouiensi

368 1559 453 1614 curn
475 1532 646 1619 omnibus
667 1523 1064 1649 attinenciis'prediote
1086 1530 1210 1649 dnmuj
1232 1549 1413 1650 perpetuo
1435 1537 1666 1623 servituram.
1713 1533 1765 1620 Et
1784 1565 1833 1620 ne
1853 1536 1991 1622 iactum
2077 1625 2082 1636 ,

366 1677 488 1732 meum
529 1648 805 1736 racionabiliter
835 1650 1063 1736 celebratum
1107 1651 1144 1736 in
1183 1666 1374 1767 posterum
1405 1655 1527 1766 possit
1565 1654 1602 1738 in
1632 1654 1772 1738 irritum
1802 1653 1996 1768 revocarj,

367 1793 496 1850 coram
519 1766 691 1882 Capitulo
715 1767 961 1855 Cracoviensi
990 1765 1040 1852 ad
1070 1796 1204 1854 manus
1223 1769 1345 1857 fratris
1376 1767 1551 1887 Willclmj
1574 1769 1730 1856 eandem
1753 1769 1874 1856 villam
1895 1754 1990 1856 reei-

366 1884 481 1998 gaavj
500 1881 626 1968 domui
639 1899 862 1988 memorate,
883 1914 1046 2004 rogans,
1068 1887 1292 1973 tabefactum
1314 1917 1435 1974 meum
1452 1887 1575 2006 sigillo
1593 1873 1751 2004 Capituli
1768 1887 1990 2000 confirmarj,

365 2027 414 2084 ac
429 2028 513 2084 meo
530 1999 760 2119 confirmavj.
791 2002 891 2088 Acta
906 2016 993 2090 sunt
1007 2002 1078 2088 hec
1099 2034 1199 2092 anno
1216 2003 1400 2091 dominice
1415 2005 1679 2092 incarnationis
1695 2003 1752 2090 M⁰
1770 2004 1851 2090 CC⁰
1866 2003 1991 2089 XXX⁰

231 2215 236 2223 Ι
365 2113 447 2221 Vr,
467 2115 611 2205 XVlll⁰
630 2117 827 2207 Kalendas
859 2119 1103 2235 Septembris
1145 2121 1280 2209 Testes
1311 2124 1372 2238 qui
1402 2122 1478 2209 hoc
1507 2123 1731 2209 audiverunt
1760 2135 1796 2209 et
1820 2120 1993 2208 viderunt

365 2232 413 2347 hij
436 2247 540 2320 sunt:
572 2236 749 2323 Andreas
770 2237 1022 2341 Scolasticus,
1052 2237 1239 2325 Radulfus
1262 2240 1414 2343 Cantor,
1435 2238 1617 2326 Nicotaus
1641 2241 1798 2342 Custos,
1822 2236 1990 2324 Waltbe-

365 2378 451 2453 rus,
496 2352 530 2436 F
531 2351 732 2458 ridericus,
771 2352 1018 2458 vincenam,
1060 2353 1269 2458 Zulizlaus,
1311 2357 1523 2459 Johannes,
1564 2357 1757 2462 Albertus,
1790 2353 1991 2456 Zulizlaus,

366 2467 553 2554 Troianus
576 2469 777 2575 Canonici3
826 2468 1022 2558 Gerardus
1044 2471 1306 2589 Submagister
1337 2485 1373 2555 et
1402 2473 1518 2558 irater
1537 2473 1618 2557 eius
1638 2471 1854 2572 Jobannes,
1900 2469 1989 2554 Ale-

365 2583 521 2692 xander,
560 2586 716 2692 Petrus,
760 2585 990 2706 Gregorius,
1030 2587 1249 2691 Woizlaus,
1291 2587 1323 2673 T
1326 2587 1450 2694 obiaS,
1482 2589 1612 2675 Amitis
1641 2586 1801 2702 Vicarij,
1836 2585 1990 2688 Ctzima,

364 2701 521 2807 Petrus,
552 2703 813 2808 Sanctuarius,
845 2704 1097 2823 Augustinus,
1127 2703 1351 2823 Boguzlaus
1372 2721 1409 2791 et
1428 2704 1487 2821 alij
1510 2733 1622 2822 quam
1643 2705 1781 2821 plures,
1878 2709 1884 2730 '

367 2916 476 2996 deleto,
490 2917 697 3066 vixpersonae
713 2918 839 3004 alicujus
853 2919 1011 3005 vestigium
1028 2920 1159 3006 conspici
1174 2925 1283 3004 potest,
1300 2920 1384 3006 quod
1399 2941 1470 2985 num
1486 2919 1620 3006 Virginis
1636 2920 1762 2997 Mariae,
1776 2939 1814 3016 arr
1825 2917 1991 3016 sacerdotis
2025 2975 2028 2980 t

366 3001 405 3066 sit
416 3001 474 3065 ima
497 3023 525 3079 o,
554 3011 654 3067 tustra
669 3003 840 3068 discernere
854 3005 995 3069 tentabis.
1017 3005 1140 3090 Legitur
1154 3005 1275 3090 quidem
1291 3003 1349 3070 hoc
1361 3014 1593 3070 monumentum
1606 3005 1635 3068 in
1651 3004 1811 3071 Nakietsou
1826 3003 1991 3071 uocatae

367 3084 418 3150 iol.
435 3023 577 3168 litbsed
594 3087 695 3155 multis
712 3087 752 3152 ibi
768 3087 884 3152 mendis
898 3096 1002 3153 scatet
1778 3093 1782 3104 '

468 3168 506 3252 (²)
537 3169 692 3236 Smrokow
706 3171 774 3236 vitta
790 3173 933 3238 territorii
950 3179 981 3238 ct
994 3172 1128 3257 regionis
1142 3171 1389 3253 Miecbovionsis,
1411 3173 1574 3258 parochiae
1591 3169 1772 3257 Graptcnsis.

1089 3459 1266 3571 xxtut

757 3697 829 3776 ln
854 3693 997 3777 villo
1021 3691 1230 3797 nonore
1255 3709 1410 3776 anno
1435 3687 1612 3779 naa

392 3858 616 3932 Bolcslot
630 3858 700 3947 (tur
714 3860 859 3947 bonuau)
873 3860 967 3934 ttuoir
980 3860 1139 3932 lusoriae
1155 3858 1532 3952 nemetumque-tinius
1545 3861 1626 3936 inter
1638 3861 1768 3950 casua
1780 3861 1961 3936 nunaunt

531 3960 758 4054 sucronensis
770 3963 804 4034 ot
817 3961 963 4035 bucon
976 3961 1071 4034 uilloc
1086 3960 1248 4056 onuatn
1268 3960 1507 4050 thrzniotoo,
1521 3963 1753 4036 oomntnmtur
1767 3963 1818 4048 (¹).

465 4165 554 4284 Ego
589 4167 636 4253 B.
659 4166 847 4262 (oleslaus)
878 4168 938 4253 dei
969 4171 1102 4284 gracia
1131 4167 1217 4254 Dux
1248 4168 1422 4254 Mazovic
1446 4169 1545 4256 scira
1565 4166 1653 4256 volo
1674 4168 1892 4272 universae,
1938 4167 1988 4253 ad

366 4312 524 4399 quorum
544 4286 779 4400 presenciam
800 4317 959 4402 presens
980 4285 1098 4372 littera
1119 4286 1348 4401 pervenerit,
1379 4297 1470 4393 quot
1490 4285 1645 4408 querela
1675 4316 1748 4402 que
1772 4287 1990 4372 vertebatur

465 4533 504 4618 (¹)
533 4533 582 4598 Ex
605 4531 770 4617 exemplari
792 4533 829 4597 ad
851 4533 1075 4600 similitudinem
1099 4534 1222 4600 tabulae
1242 4531 1434 4598 authenticae
1456 4533 1557 4600 efficto
1579 4533 1766 4620 priuilegium
1787 4531 1845 4594 boc
1867 4530 1988 4595 doctiss.

364 4614 574 4702 Stronczynski
591 4617 747 4701 descripsit
762 4625 792 4682 et
807 4617 1015 4702 apographum
1032 4617 1191 4684 nobiscum
1207 4617 1450 4695 communicavit,
1466 4638 1620 4694 asserens,
1635 4619 1664 4682 in
1677 4608 1841 4699 exemplari
1854 4613 1988 4678 effictum

365 4699 454 4764 etiam
477 4699 568 4767 fuisse
590 4702 732 4786 sigillum,
755 4702 887 4787 equitem
910 4701 1135 4786 cataphractum
1158 4722 1238 4786 equo
1261 4700 1462 4780 insedentem,
1484 4701 1566 4767 etin
1588 4701 1723 4784 margine
1745 4699 1907 4796 verborum
1930 4701 1988 4795 tra·

385 4791 499 4848 menta:
543 4831 654 4862 .....
671 4785 763 4850 nicola
776 4832 897 4851 ......
913 4787 977 4849 aare
1012 4787 1151 4853 Mozooie
1164 4831 1264 4850 .....
1280 4787 1339 4851 mir
1354 4833 1480 4850 ......
1494 4786 1510 4812 ”
1533 4783 1687 4868 (Sigillum
1725 4783 1855 4849 Boleslar
1892 4783 1987 4847 Ducis

401 4868 501 4933 azovie
517 4876 547 4934 et
560 4869 765 4951 Sandomirie)
787 4877 1024 4954 repraesentans.
1664 4887 1674 4957 ξ
