4788 5926
1096 753 1370 826 -128-

421 973 459 1044 et
478 959 654 1046 iratribus
674 954 1104 1061 ibidcmrosidcntibus,
1134 953 1184 1040 ab
1206 955 1304 1040 exitu
1325 953 1490 1040 ecclesie
1509 948 1644 1042 uersus
1666 953 1920 1058 occidentem,
1950 971 1973 1042 a
1994 958 2051 1045 si·-

420 1077 536 1163 nistra
558 1076 701 1162 directe
722 1074 912 1192 usquead
935 1087 1086 1190 pontem
1106 1072 1213 1159 rivuli
1233 1071 1369 1158 ibidem
1390 1073 1590 1178 manantia,
1622 1086 1673 1180 [et
1688 1102 1712 1159 a
1728 1072 1860 1160 dextra
1881 1073 1931 1160 ad
1947 1061 2046 1162 ddns
2071 1171 2076 1190 ,

420 1193 652 1306 mansos](³)
674 1209 855 1310 perpetuo
886 1192 1112 1277 duraturam.
1154 1189 1206 1279 Ut
1233 1204 1357 1276 autem
1387 1189 1545 1305 predicti
1574 1189 1709 1278 fratres
1740 1206 1777 1276 ot
1797 1187 2046 1281 successores

421 1341 549 1397 eorum
587 1309 820 1397 commodius
858 1323 894 1396 et
929 1310 1073 1395 facilius
1114 1309 1163 1394 ibi
1194 1309 1344 1396 valeant
1364 1307 1532 1394 residere
1553 1322 1589 1394 et
1609 1307 1683 1395 deo
1705 1308 1820 1426 digne
1842 1309 2045 1413 deservire,

363 1477 368 1488 ·
418 1428 586 1546 predicte
616 1429 778 1515 ecclesie
809 1428 858 1514 de
886 1434 1031 1540 Btooye
1061 1440 1098 1513 et
1117 1425 1292 1512 iratribus
1312 1426 1505 1540 premissis
1526 1454 1574 1510 ac
1594 1425 1882 1512 successoribus
1905 1457 2045 1532 eorum,

227 1531 231 1556 ³
286 1547 295 1568 ‘
417 1547 540 1638 villam
576 1547 759 1664 queolim
782 1551 908 1631 Sewzc
940 1547 974 1654 (t
998 1542 1370 1654 Serozo),(⁴)nuno
1400 1556 1525 1628 autem
1560 1540 1751 1654 Scota(⁵)
1772 1544 1921 1639 dicitur,
1958 1575 2045 1632 cum

418 1663 500 1780 alijs
532 1663 680 1751 duabus
719 1669 972 1750 Ncwrzisetoo
1009 1661 1091 1773 (sio)
1123 1676 1160 1747 et
1188 1667 1449 1772 Nesocwqewo
1467 1656 1522 1770 (ὅ)
1554 1659 1708 1764 damuS,
1750 1661 1976 1750 conterimus
2008 1679 2046 1771 et
2153 1719 2159 1734 ι

418 1795 601 1898 perpetuo
618 1781 882 1868 confirmamus
904 1811 987 1866 cum
1010 1777 1181 1866 omnibus
1200 1778 1414 1866 utilitatibus
1437 1792 1473 1864 et
1494 1778 1684 1882 fructibus,
1717 1779 1778 1895 qui
1801 1791 1838 1864 et
1857 1807 1957 1868 nunc
1976 1781 2044 1868 ha-

417 1901 569 2009 bentur,
605 1915 642 1986 et
675 1899 805 1984 baberi
834 1899 995 2014 poterint
1030 1895 1123 2007 (sic),
1160 1910 1235 1982 tam
1271 1897 1308 1981 in
1342 1897 1452 1982 terris
1489 1924 1601 2012 quarn
1622 1896 1659 1980 in
1679 1896 1788 2012 aquis
1809 1897 1846 2010 in
1867 1897 2044 2004 loturum,

321 2089 324 2100 .
418 2007 510 2102 inlra
535 2031 679 2104 certos
715 2015 893 2104 terminos
925 2014 1102 2100 'villarum
1142 2012 1405 2130 predictarum.
1467 2013 1757 2099 Transierantes
1801 2014 1837 2098 in
1867 2014 1948 2128 jam
1989 2017 2044 2103 di-

420 2149 503 2221 ctos
533 2149 570 2220 et
599 2164 848 2229 successores
880 2163 1029 2232 eorum,
1061 2133 1345 2248 possessionem
1376 2161 1502 2222 veram
1535 2144 1571 2214 et
1601 2147 1822 2248 perpetuum
1843 2130 2044 2220 dominium

279 2321 287 2337 ,
419 2280 505 2340 cum
536 2251 751 2340 omnimoda
783 2265 819 2338 et
839 2251 951 2367 plena
979 2249 1166 2353 libertate,
1187 2252 1255 2352 ita,
1279 2247 1629 2366 quod-*cmetlrones
1652 2249 1921 2364 premissorum
1936 2248 2044 2342 uilla·

418 2399 501 2454 rum
532 2371 581 2458 ab
612 2372 711 2458 omni
741 2371 889 2486 penitus
917 2368 1122 2456 exaccione
1149 2367 1274 2454 ducali
1304 2400 1372 2454 seu
1403 2379 1439 2474 [a
1461 2397 1579 2455 censu
1601 2369 1803 2483 polonicali
1825 2383 1862 2454 et
1881 2398 1905 2455 a
1927 2370 2043 2487 quali·

417 2485 493 2590 bet]
524 2483 560 2598 7)
583 2489 834 2604 oppressione
845 2489 918 2573 sint
947 2485 1125 2602 exempti,
1157 2485 1345 2572 videlicet:
1377 2495 1624 2596 apodworne
1645 2498 1683 2569 et
1702 2517 1854 2586 norzas,
1884 2516 1908 2572 a
1923 2497 2046 2600 pody-

303 2659 309 2666 ·
414 2488 574 2716 mpelll,
595 2635 619 2689 a
639 2623 779 2704 straza,
810 2605 859 2688 ab
881 2602 1126 2688 edificacione
1146 2604 1280 2705 castri,
1302 2617 1513 2706 amoneto,
1534 2633 1558 2687 a
1578 2602 1819 2687 venatoribus
1841 2604 2042 2717 cujuscun-
2085 2661 2093 2668 -

330 2713 490 2836 sque
510 2724 591 2810 'siut
617 2723 787 2840 generis,
824 2735 862 2805 et
881 2720 929 2805 ab
958 2719 1129 2805 omnibus
1162 2719 1246 2834 alijs
1271 2720 1416 2834 juribus
1437 2721 1620 2836 [angarijs
1653 2733 1691 2803 et
1724 2717 2042 2836 preangarijs]·(⁹)
2178 2729 2183 2732 ’

415 2867 643 3040 ‹ppoounque
665 2840 820 2946 nomine
848 2852 1084 2924 censeantur.
1140 2835 1278 2922 Adbuc
1299 2850 1525 2922 memoratas
1546 2837 1655 2922 villas
1675 2837 1795 2921 eciam
1815 2837 1888 2922 bac
1908 2837 2069 3040 procia,

415 2955 426 3038 i
453 2971 661 3062 nstramus,
698 2955 800 3075 quod
830 2956 1001 3041 homines
1030 2956 1067 3040 in
1098 2955 1423 3041 eis'comorante‘s
1453 2952 1504 3040 ad
1524 2953 1660 3040 nullius
1690 2983 1849 3069 prorsus
1869 2955 1905 3039 iu
1935 2957 2046 3042 icium

415 3075 700 3188 protrahantur,
730 3105 802 3160 nec
823 3073 1033 3159 citabuntur
1053 3072 1101 3158 ad
1118 3071 1298 3190 judicium
1319 3073 1479 3158 Palatini
1499 3085 1802 3195 [ceterorumque
1822 3072 2054 3190 dignitatiu?
2145 3175 2150 3186 ι

416 3188 608 3303 rum](¹⁰),
639 3190 711 3278 nec
731 3191 966 3306 respondere
986 3203 1191 3294 teneantur,
1212 3191 1283 3274 nisi
1302 3205 1428 3275 tamen
1448 3188 1497 3274 ad
1519 3202 1685 3276 nostram
1707 3190 1952 3294 audienciam,
1973 3219 2046 3276 nec

218 3291 224 3304 ⁸
279 3307 283 3312 ’
416 3304 524 3392 aliter
543 3308 612 3394 nisi
633 3339 701 3424 per
721 3309 864 3395 literam
885 3324 949 3394 aut
964 3307 1125 3428 sigillum
1143 3309 1289 3393 euocati
1306 3307 1588 3422 comparebunt,
1610 3309 1818 3423 [presertim
1834 3308 1865 3407 si
1882 3308 2044 3424 aliquem

415 3421 655 3540 Prepositum
685 3427 994 3513 ecclesianosue
1015 3425 1219 3514 Blonensis
1241 3426 1439 3544 contigerit
1462 3425 1666 3511 occasione
1688 3423 2045 3539 quarumlibetiuiu·

415 3541 553 3629 riarum
573 3549 714 3632 'coram
743 3545 854 3631 nobis
886 3557 924 3629 et
944 3546 1084 3632 nostris
1114 3544 1404 3634 successoribus
1434 3543 1648 3661 ceterisque
1679 3539 1887 3662 dignitarijs
1901 3541 2046 3660 judicio

491 3855 495 3863 .
518 3783 559 3873 (³)
589 3741 627 3856 ln
639 3791 783 3869 secundo,
798 3781 880 3877 quod
896 3795 1005 3879 pagina
1020 3794 1061 3859 to
1076 3793 1145 3858 libri
1159 3793 1262 3877 prisill.
1279 3793 1398 3876 incipit,
1422 3789 1609 3878 apographo,
1631 3792 1723 3858 verba
1738 3789 1815 3857 hoec
1829 3791 1917 3858 uncis
1931 3790 2046 3857 incluso

284 3907 289 3914 ·
417 3873 537 3941 desunt.

519 3957 557 4044 (⁴)
587 3957 721 4025 Verbum
733 3951 794 4026 hoo
807 3961 837 4024 in
852 3967 992 4045 utroque,
1015 3961 1194 4042 praesertim
1209 3967 1310 4040 autem
1327 3959 1355 4022 in
1371 3960 1507 4025 secundo
1523 3957 1707 4044 apographo,
1722 3957 1765 4024 itu
1780 3958 1925 4044 scriptum
1941 3965 1997 4034 ost,
2011 3965 2047 4025 ut
2084 3990 2087 3996 ·

417 4043 481 4124 puri
497 4045 616 4109 notione
632 4053 663 4110 ct
678 4043 779 4111 Scwcm
794 4045 935 4128 (Suewsll
950 4053 981 4109 ct
995 4043 1105 4114 Serozc
1120 4043 1264 4126 (Sieroclt)
1280 4043 1339 4130 logi
1356 4044 1459 4128 possit
1648 4059 1653 4065 '
1807 4070 1809 4078 ·
1853 4045 1856 4050 '

519 4127 557 4212 (³)
588 4129 726 4206 „lecolo”
742 4133 771 4196 in
787 4131 921 4198 secundo
938 4128 1113 4214 apographo
1128 4128 1252 4211 legitur:
1275 4135 1321 4193 est
1335 4137 1436 4194 sutem
1460 4128 1544 4197 trata
1558 4127 1624 4198 villo
1641 4125 1819 4212 parocbiclis
1838 4125 2047 4203 thvicuis

417 4208 561 4274 territorii
576 4220 608 4275 et
621 4215 763 4298 regionis,
779 4216 904 4280 dimidio
921 4215 1088 4296 milliarino
1105 4211 1247 4277 Varsauia
1263 4211 1385 4276 distans.
1972 4239 1975 4244 ·

521 4291 559 4376 (⁰)
589 4294 678 4372 Quae
691 4299 891 4364 Ncwrztsewo
906 4299 935 4363 in
952 4299 1060 4378 primo,
1082 4297 1270 4361 Vawrzilewo
1286 4304 1387 4361 autem
1404 4295 1433 4359 io
1450 4295 1585 4362 secundo
1600 4293 1775 4382 dpograpbo
1792 4301 1993 4376 nuncupatur,
2009 4313 2045 4357 oa

424 4377 658 4464 chorzyczccuo
674 4388 720 4444 ast
735 4384 912 4465 parochialis
927 4383 1003 4460 ville,
1018 4382 1180 4447 Vorsuviue
1193 4389 1226 4444 ot
1243 4381 1351 4444 Wolao
1364 4381 1516 4477 proximo;
1530 4399 1609 4465 quac
1624 4387 1727 4444 autem
1738 4377 1779 4444 sit
1790 4377 1857 4442 villu
1872 4379 2046 4464 inutraque

417 4464 594 4559 apographo
608 4461 922 4561 llcmupecedicte,
937 4467 1051 4544 nescio,
1064 4487 1161 4552 quum
1176 4464 1288 4530 nullam
1303 4464 1408 4530 similis
1424 4465 1557 4530 nominis
1571 4467 1603 4530 in
1616 4465 1742 4549 regione
1757 4461 1955 4530 taruanensi-
1965 4461 2047 4553 into·

417 4565 483 4611 oue
519 4557 661 4614 emerim.
740 4563 745 4574 ·
1983 4566 1985 4574 ’

498 4557 544 4712 pil
589 4634 691 4699 Verba
706 4632 792 4697 uncis
805 4632 919 4696 incluso
936 4633 965 4696 in
982 4635 1114 4699 secundo
1130 4630 1306 4719 apographo
1322 4630 1442 4697 desunt

519 4713 543 4796 (⁸
588 4717 773 4804 „Dods'mye”
789 4717 968 4781 insecundo
985 4718 1158 4800 apographo
1174 4719 1291 4803 legitur.

520 4799 558 4880 (⁰)
588 4803 648 4864 Pro
661 4805 760 4868 uerbis
773 4804 858 4866 uocis
873 4800 1005 4874 inclusis,
1020 4801 1186 4866 secundum
1201 4798 1522 4886 apographonbabot:
1544 4800 1624 4876 ‚sebe
1638 4798 1907 4886 opprocc'cmbusf

519 4884 577 4966 (¹⁰)
605 4885 662 4948 llic
674 4887 744 4950 item
758 4907 811 4970 pro
825 4885 922 4953 verbis
935 4885 1019 4952 uocis
1032 4883 1164 4961 inclusis,
1175 4886 1275 4952 uerbo:
1286 4897 1359 4964 „cut
1370 4884 1547 4950 Costetlom'’
1559 4884 1652 4950 babet
1662 4885 1829 4954 secundum
1841 4880 2048 4969 apographon.
