4870 5948
154 1505 177 1576 l
225 1571 230 1580 .

1103 743 1480 844 *aa-¹

417 951 682 1055 Cracoviensi,
704 965 803 1036 mota
823 949 888 1032 tuit
910 949 1055 1065 questio
1077 944 1227 1031 domino
1249 923 1410 1028 Nicotao
1427 935 1483 1052 (2)
1496 940 1573 1030 titio
1595 937 1767 1026 Potanirii
1790 953 1828 1024 et
1848 937 1951 1025 tratri
1970 971 2040 1027 suo

415 1072 578 1159 dohanni
600 1101 623 1155 a
645 1070 785 1155 Comite
807 1066 1011 1182 Burtivoyo
1047 1094 1131 1149 cum
1166 1063 1248 1149 titiis
1285 1061 1363 1150 suis
1384 1090 1499 1178 super
1532 1058 1755 1174 patrimonio
1793 1041 2038 1176 ejus,squod

332 1269 336 1279 .
359 1195 533 1296 ‚fGteoo
555 1187 608 1299 (³)
623 1198 878 1301 nuncupatur.
915 1183 1015 1302 quod
1042 1197 1151 1299 pater
1171 1183 1251 1315 ejus
1273 1179 1479 1266 Potaninus
1500 1176 1600 1263 bone
1636 1178 1814 1262 memorie
1850 1207 1872 1261 a
1896 1174 2041 1262 Comite

327 1289 351 1368 t
415 1307 535 1413 Vison
551 1307 637 1421 jure
659 1303 885 1390 hereditario
899 1317 1067 1406 emerat,
1103 1316 1140 1385 et
1161 1314 1283 1417 quiete
1305 1281 1574 1500 possederam)
1589 1325 1635 1380 ex
1657 1325 1708 1402 eo
1726 1292 1913 1393 videlicet,
1937 1293 2039 1411 quod

256 1449 259 1456 '
394 1422 758 1537 ‘ComesBudivoy
781 1421 947 1525 dicebat,
990 1417 1034 1506 se
1070 1447 1143 1504 non
1181 1417 1390 1501 interfuisse
1426 1413 1525 1499 dicte
1572 1414 1773 1517 endicioni,
1823 1415 1881 1497 cui
1918 1427 2040 1498 tamen

415 1525 600 1629 ittartinus
622 1539 915 1658 paterPoznani
945 1537 1194 1638 interfuerat(
1213 1550 1248 1620 et
1283 1547 1541 1620 consenserat
1582 1533 1706 1646 Super
1742 1561 1815 1647 qua
1846 1530 2042 1647 questione

302 1657 309 1666 ’
416 1689 500 1746 curn
537 1661 628 1745 satis
662 1659 793 1744 inisset
829 1656 1100 1772 disceptatum,
1138 1655 1277 1740 Comes
1313 1650 1505 1765 Budiwoy
1554 1647 1803 1737 considerans
1832 1651 1898 1762 jus
1933 1676 2041 1733 suum

417 1777 555 1877 debite,
591 1777 767 1880 maxime,
798 1775 882 1889 quia
920 1775 1094 1859 dominus
1127 1770 1307 1858 Nicotaus
1329 1801 1371 1855 se
1396 1767 1894 1885 prescripcionetuebatur,
1931 1763 2041 1852 Pata·

416 1897 493 1982 tino
514 1897 631 1980 eciam
654 1895 913 2008 prenominato
934 1923 977 1977 se
997 1903 1152 2007 propter
1174 1891 1309 1975 bonum
1332 1887 1437 2002 pacis
1459 1889 1734 2004 interponente,
1771 1883 1950 1970 contesus
1972 1897 2040 1987 est,

442 2027 593 2100 resente
647 2011 830 2096 Posnano
867 2011 1110 2124 prenominati
1146 2007 1296 2094 tttartini
1331 2006 1423 2110 titio,
1466 2007 1724 2092 vendicionem
1765 2017 1802 2088 et
1825 2004 2042 2088 -emcionem

417 2043 680 2215 tiereditariam
702 2129 853 2213 domino
875 2127 1034 2214 Nicotao
1076 2143 1110 2212 et
1134 2128 1231 2208 omni
1247 2127 1319 2236 juri
1342 2121 1491 2238 petendi
1523 2124 1684 2223 cedens,
1719 2149 1803 2203 cum
1844 2117 1927 2204 titiis
1952 2121 2042 2222 suis,

418 2248 590 2333 omnibus
612 2243 904 2360 excepcionibus
925 2245 1170 2345 renunciavit,
1192 2241 1368 2358 obligans
1389 2270 1431 2324 se
1448 2239 1627 2325 Posnano
1644 2236 1872 2326 sufficienter
1886 2264 2043 2352 respon-

417 2387 565 2468 surum,
598 2363 739 2480 siquid
761 2363 795 2446 in
817 2376 1011 2476 posterum
1034 2361 1185 2446 domino
1207 2358 1253 2449 N.
1276 2389 1391 2475 super
1411 2359 1673 2444 hoe'moveret
1693 2356 1911 2467 questionis.
1964 2353 2042 2440 Pro

420 2513 494 2599 quo
526 2482 625 2567 tacto
656 2481 834 2566 dominus
865 2477 1064 2582 Nicotaus,
1116 2491 1155 2562 ut
1192 2507 1339 2564 omnem
1376 2478 1612 2588 extingueret
1646 2477 1859 2576 accionem,
1911 2470 2043 2556 decem

314 2655 324 2706 ,-
418 2627 569 2684 marcas
590 2600 671 2711 puri
689 2597 836 2711 argenti
859 2593 960 2680 dedit
974 2595 1188 2708 Budivoyo,
1210 2607 1247 2676 et
1263 2593 1345 2678 ntus
1367 2595 1447 2706 ejus
1462 2592 1660 2678 duodecim
1682 2595 1789 2678 utnas
1811 2589 2043 2692 debruneta,

310 2710 324 2729 ”
400 2729 456 2806 ‚et
478 2746 524 2798 ne
546 2713 616 2798 hec
638 2713 852 2799 transaccio
874 2715 1036 2826 posteris
1058 2726 1226 2811 vertatur.
1240 2711 1274 2796 in
1297 2709 1468 2815 dubium,
1504 2712 1617 2798 ambo
1639 2708 1876 2826 presentibus
1912 2706 2044 2822 sigittis

284 2913 287 2918 .
419 2830 494 2916 hoc
515 2832 692 2946 scriptum
714 2830 998 2944 postulaverunt
1013 2829 1242 2934 communiri.
1274 2827 1433 2914 Nomina
1451 2843 1575 2914 autem
1591 2832 1736 2914 testium
1754 2840 1840 2913 sunt
1855 2827 1936 2910 hec.
1958 2826 2044 2942 lpse

419 2947 613 3034 Patatinus
634 2947 810 3039 tttarcus,
845 2944 1154 3062 Budivoytneres
1176 2977 1258 3032 eum
1281 2947 1429 3032 duobus
1448 2944 1531 3032 titiis
1553 2945 1660 3033 Stres
1677 2961 1718 3031 ¹et
1739 2943 1879 3046 Vison,
1921 2931 2043 3028 Pred-

325 3077 337 3148 ;
419 3065 729 3169 stau-Tribunus,
771 3063 943 3149 Racibor
961 3065 1058 3151 titius
1080 3064 1242 3167 Atberti,
1284 3064 1599 3150 Domanustrtius
1624 3065 1825 3168 Dirsicrai',
1868 3058 2043 3147 Andreas

418 3181 515 3268 titius
557 3179 752 3286 SutconiS,
805 3181 989 3268 tttartinus
1029 3182 1262 3286 Lucusovic,
1312 3181 1493 3268 Bozistav
1534 3181 1827 3285 ThesaurariuS,
1881 3175 2046 3263 tttichaet

325 3351 330 3363 ,
419 3299 515 3386 trtius
547 3299 789 3403 Petreronis,
820 3297 1055 3386 Radavanus
1076 3300 1171 3385 trtius
1202 3299 1419 3415 Bodepozi,
1452 3299 1697 3418 Bogustavus
1729 3300 1825 3385 fitius
1855 3293 2044 3397 Ramotdi,

298 3499 311 3516 ,
418 3415 557 3502 Petrus
578 3417 753 3521 Vitticus,
798 3415 919 3503 Getco
941 3416 1414 3519 subcamerartusttucts,
1450 3417 1587 3504 Petrus
1609 3420 1785 3504 rsuco'vic
1806 3418 1902 3522 (sic),
1931 3411 2044 3497 Beno

418 3533 514 3620 titius
537 3534 688 3636 Potoni,
730 3533 939 3622 tttitostaus
991 3535 1056 3623 tsti
1077 3538 1225 3621 fuerunt
1246 3566 1329 3621 cum
1351 3536 1535 3621 Palatino.
1576 3536 1641 3621 lsti
1661 3565 1754 3621 vero
1786 3537 1822 3620 in
1860 3530 2044 3648 Capituto=

418 3649 602 3737 Dominus
619 3652 755 3738 Petrus
772 3652 949 3738 Decanus
961 3651 1014 3763 (⁴),
1030 3653 1469 3770 tttagisterBenedictus,
1485 3654 1646 3756 Doman,
1661 3649 1876 3740 Ermannus
1894 3652 2044 3750 Custos
2072 3733 2077 3742 .

421 3767 584 3884 Trojan,
624 3767 883 3871 Gaudencius,
925 3769 1090 3864 Rauen,
1127 3771 1314 3885 Stephon,
1356 3772 1526 3873 Sdistav,
1567 3771 1780 3875 ttaroinus,
1817 3763 2043 3869 Alexander,

419 3885 578 3992 Silvest,
608 3885 862 3992 Laurencius,
893 3884 1100 3990 Henricus,
1132 3886 1315 3992 Btezcus,
1346 3889 1527 3974 derebus.

430 4196 442 4212 ,
523 4121 561 4202 (²)
591 4122 681 4186 More
710 4120 774 4185 aevi
806 4117 885 4186 ittius
915 4120 1076 4204 appetistio
1101 4119 1270 4196 „domini”
1299 4119 1369 4186 huic
1399 4120 1524 4186 Nicotao
1554 4119 1691 4205 adjecta,
1720 4141 1790 4186 eum
1817 4120 2044 4202 praestantioris

419 4203 607 4268 sacerdotem
624 4206 738 4269 ordinis
753 4205 846 4269 tuisse
861 4214 907 4270 set
921 4205 1055 4270 denotat.
1087 4207 1154 4270 ttuc
1169 4205 1298 4279 aceedit,
1320 4205 1401 4290 quod
1418 4206 1498 4290 opud
1514 4205 1717 4271 Natrietscium
1734 4204 1913 4286 [Miechoria
1930 4225 1957 4302 p:
1978 4204 2045 4285 13⁶2)

370 4295 373 4305 “
420 4288 450 4351 in
466 4287 559 4349 tituris
581 4288 729 4352 vincentii
752 4290 893 4376 Episcopi
917 4291 1125 4357 Cracoriensis
1148 4288 1218 4354 anni
1246 4289 1324 4353 1214
1348 4289 1426 4356 inter
1440 4290 1612 4373 comptures
1635 4290 1808 4354 Canonicos
1830 4289 2046 4353 Cracorrenses

419 4371 563 4469 Nicotaus
578 4371 711 4465 quidam,
725 4379 789 4435 tum
804 4394 877 4437 voro
894 4377 921 4438 io
938 4377 1031 4442 titeris
1046 4375 1146 4454 lvonis
1161 4375 1302 4457 Episcopi
1319 4374 1527 4440 Cracoriensis
1542 4376 1612 4441 anni
1628 4375 1717 4448 1222,
1732 4393 1860 4460 quarum
1874 4372 2044 4454 exemptum

418 4477 451 4520 m
463 4475 529 4518 meu
540 4458 715 4518 cottectrone
728 4455 834 4528 habeo,
848 4459 926 4521 inter
936 4458 1071 4542 ejusdem
1085 4459 1228 4524 ecetesiso
1241 4457 1422 4536 Canonioos,
1437 4459 1582 4523 Nicotaus
1593 4457 1831 4524 Archidiaconus
1843 4465 2045 4540 computetur,

317 4537 329 4568 ⁰
419 4558 510 4623 quem
527 4549 693 4624 utrumque
709 4541 838 4604 eundern
855 4539 946 4605 tuisse
962 4565 1020 4605 noo
1037 4545 1153 4620 detrito,
1170 4543 1337 4627 etquidem
1354 4542 1520 4616 Nicolaum,
1536 4543 1575 4608 de
1632 4540 1715 4607 chio
1730 4543 1838 4640 agitur.

420 4621 673 4788 lgdogipnfflew
695 4645 751 4690 seu
774 4622 900 4688 Gtewiec
922 4625 987 4691 vitta
1010 4629 1151 4691 territorii
1174 4627 1424 4704 Miechoviensis,
1446 4628 1578 4710 regionis
1626 4628 1825 4690 roszouensis
1841 4631 1871 4689 et
1886 4621 2046 4709 parochiae

524 4788 562 4870 (⁴)
592 4789 695 4866 Quum
710 4793 812 4875 piures
828 4777 898 4856 ante
913 4794 1018 4856 ocutos
1035 4793 1161 4857 haimom
1178 4795 1277 4860 titeros
1289 4794 1476 4860 authenticas
1492 4794 1622 4878 Capituti
1638 4792 1845 4858 (traconensis
1856 4789 1941 4854 annis
1957 4789 2046 4867 titi,

424 4871 504 4937 1222
520 4880 551 4935 et
571 4872 648 4936 1224
664 4877 789 4959 scriptas
804 4877 925 4965 (quibus
941 4887 972 4942 et
986 4879 1062 4942 etiae
1078 4879 1172 4953 duae,
1195 4880 1287 4944 attera
1303 4880 1372 4944 anni
1392 4881 1468 4946 rsus
1487 4879 1627 4962 superius
1651 4877 1706 4942 Nee
1727 4879 1783 4943 vu
1799 4877 1931 4962 adjecta,
1953 4876 2046 4938 attera
