4800 5942
1028 715 1301 804 -oua-

350 942 418 1018 ont
446 925 530 1046 clip
548 925 847 1038 quibuscumque
874 920 1010 1014 modis.
1029 924 1313 1032 devolvorctor3‘
1344 924 1465 1041 ipsum
1497 938 1662 1018 nastrum
1692 947 1776 1020 crim
1801 923 1911 1015 bonis
1931 923 1982 1019 ad

350 1047 473 1164 ipsrrrn
494 1043 773 1164 speomtmns,
801 1055 933 1137 ncset
959 1042 1114 1132 Corona
1143 1042 1387 1162 tenebimusg.
1403 1057 1440 1132 et
1459 1041 1737 1161 possidebimus
1759 1042 1927 1160 'pacifica
1946 1059 1984 1134 et

352 1165 495 1282 quieter
530 1163 602 1250 nisi
632 1159 721 1253 illud
750 1159 845 1250 dore
875 1158 1006 1253 odon.
1023 1161 1129 1250 fratri
1155 1174 1288 1250 nostro
1313 1160 1462 1280 Magno
1487 1159 1606 1267 Duri,
1637 1161 1696 1250 vel
1724 1188 1794 1278 pro
1815 1162 1926 1249 nobis
1946 1174 1984 1251 et

353 1283 510 1370 Corona
529 1273 715 1370 v'ellemus
731 1280 912 1386 reticem
933 1277 1043 1390 quod,
1055 1279 1171 1370 stabit
1187 1281 1376 1368 innostra
1395 1279 1732 1370 liberavodturtatc.
1770 1277 1859 1366 Alia
1879 1309 1983 1384 vero,

250 1461 256 1475 ·
351 1399 647 1500 siout-Luozrko,
678 1403 907 1492 Wodonirio
938 1413 977 1484 et
994 1398 1068 1486 alia
1088 1411 1236 1502 casua,
1269 1398 1440 1484 civitates
1460 1412 1498 1485 et
1515 1396 1717 1501 districtus,
1741 1395 1866 1513 opida,
1885 1397 1982 1506 ville,

351 1516 475 1619 moin,
512 1517 552 1603 in
585 1518 665 1604 suis
700 1516 873 1604 liminbus
908 1514 1255 1634 omanussptene
1294 1529 1332 1601 et
1365 1516 1512 1634 integre
1547 1513 1597 1602 ad
1633 1515 1719 1631 ipse
1754 1517 1981 1630 spoctaocie,

350 1635 571 1744 quadranter
599 1649 749 1736 noster,
775 1634 880 1722 hone
908 1635 1088 1722 memorio
1118 1629 1291 1722 dominus
1319 1630 1551 1720 Allexander
1581 1631 1666 1738 odim
1696 1628 1866 1748 Magnus
1894 1632 1983 1721 Dux

349 1749 551 1838 Littwaoie
576 1752 858 1866 prenominatus
886 1750 1127 1865 possidebat,
1158 1763 1284 1864 pretor
1304 1762 1429 1836 costra
1450 1746 1500 1833 ad
1522 1748 1679 1836 Terram
1700 1752 1855 1836 Pcdolie
1874 1778 1982 1866 spec·
2007 1795 2015 1809 ·

350 1868 485 1956 monim
506 1867 624 1954 nciam
647 1867 680 1954 si
699 1864 825 1952 medio
845 1875 1016 1980 temporo
1035 1887 1272 1975 quocumque
1291 1859 1407 1953 modo
1428 1863 1477 1950 od
1499 1865 1781 1982 possessionem
1803 1879 1982 1971 nostram,

339 2001 416 2072 ant
430 2027 434 2034 ·
447 1985 600 2072 Cmona
621 1999 660 2070 et
685 1982 814 2101 Regni
832 1983 951 2070 nostri
975 1979 1212 2070 devenirent:
1253 1983 1399 2096 profcto
1419 1983 1524 2070 tratri
1544 1998 1675 2070 nostro
1704 1982 1802 2070 Duci
1822 1984 2001 2103 Magne
2114 1983 2120 1994 ‘
2163 2031 2169 2046 ·

349 2103 400 2190 ad
433 2117 603 2218 tempora
631 2103 799 2222 soorite
819 2099 982 2186 tenende
1008 2114 1048 2187 et
1065 2097 1300 2215 possidenda
1316 2099 1519 2205 dabimus,
1550 2098 1716 2211 darique·
1734 2102 1914 2190 iaciemus
1945 2115 1983 2188 ot

258 2217 262 2225 ’
350 2221 552 2339 assignari
604 2219 694 2332 ere
712 2217 862 2329 quidem
884 2231 1011 2304 castra
1030 2216 1199 2335 prefatos
1218 2218 1333 2306 frater
1352 2227 1494 2322 nostor,
1513 2215 1682 2336 Magnus
1701 2218 1790 2308 Dux
1809 2217 1982 2308 dominus

348 2337 636 2457 Sigismmtdus,
671 2334 905 2471 undidebot
931 2333 1028 2422 dare
1060 2332 1117 2422 od
1134 2334 1363 2470 'emendum
1399 2336 1474 2470 nisi·
1499 2337 1603 2453 prius
1634 2339 1671 2470 in
1701 2337 1872 2469 menibus
1902 2338 1982 2428 suia

348 2451 1622 2708 sntnestorianosretrorserunt
1641 2452 1982 2704 sror,

347 2686 1507 2921 td:dddtdtttttodtd?dddntttdt
1508 2719 1574 2894 {2¹1¹
1583 2687 1783 2922 ntdtt
1784 2689 1982 2894 indidi

347 2927 623 3042 spectantibus,
656 2955 728 3012 nos
748 2937 787 3012 ct
807 2925 961 3012 Corona
981 2942 1165 3042 perpetuo
1185 2923 1465 3042 possidebimus
1485 2938 1523 3010 at
1542 2926 1580 3012 in
1601 2935 1736 3020 ewurn.
1787 2923 1981 3056 Rreterea,
2066 2967 2071 2972 ·

233 3141 237 3148 ,
348 3041 419 3128 sub
434 3042 511 3128 fida
525 3059 563 3129 et
579 3043 735 3146 honore,
757 3042 903 3152 absquo
919 3041 1009 3128 dolo
1031 3043 1228 3148 coirando,
1252 3073 1300 3130 ac
1319 3072 1440 3132 onere
1458 3044 1600 3160 prestiti
1620 3043 1826 3143 iuramenti,
1847 3068 1981 3128 omnes

347 3159 457 3280 ligas,
476 3159 750 3277 inscripcioncs
769 3171 809 3246 ot
827 3160 1002 3246 uniones:
1020 3161 1062 3246 si.
1077 3183 1173 3272 quas
1192 3185 1367 3272 nmquam
1388 3162 1424 3248 in
1446 3161 1659 3278 dampnum,
1679 3156 1896 3275 periculum,
1917 3171 1981 3244 aut
2117 3217 2119 3226 ,

348 3289 601 3396 contemptum
616 3275 794 3365 'eiusdem
811 3277 936 3364 notris
957 3278 1097 3385 nostri,
1127 3278 1246 3366 Ducis
1265 3277 1401 3396 Magni
1420 3276 1672 3398 sigismundi,
1704 3291 1740 3361 et
1762 3276 1981 3386 quorumvis

347 3395 595 3483 dominiorum
628 3401 930 3500 snorum,ic1urr
962 3396 1230 3507 cuiuscumque
1260 3397 1380 3487 status
1411 3409 1476 3484 ant
1506 3394 1980 3484 condicionis·hominibus

342 3512 586 3600 fecissemus:
617 3513 814 3600 abolentes
840 3524 877 3600 εἰ
896 3514 934 3600 in
951 3514 1125 3600 nichilum
1144 3513 1382 3630 redigentes,
1412 3513 1659 3629 promittimus
1681 3527 1718 3596 et
1737 3507 1979 3625 spondemus,

347 3629 449 3738 quod
465 3629 615 3716 nulbrm
630 3631 712 3741 (sio)
723 3630 924 3734 hominnm,
941 3661 1026 3718 cum
1041 3632 1178 3742 quibus
1193 3631 1348 3719 tedmari
1364 3661 1494 3718 samos
1510 3645 1547 3718 ct
1562 3629 1661 3732 uniti,
1677 3624 1880 3729 favoribus,
1893 3625 1980 3714 sub·

347 3745 452 3864 sidijs
472 3759 511 3832 ot
525 3747 821 3860 quibuscumque
840 3750 1106 3868 prerogativis,
1126 3750 1395 3866 pomonam
1415 3760 1547 3834 nostro
1566 3743 1665 3832 Dooi
1686 3743 1833 3861 Magno
1854 3743 1980 3861 Sigis-

347 3863 486 3952 muodo
507 3866 687 3982 preferre
712 3866 907 3972 uolumus,
934 3883 1010 3953 noc
1030 3873 1194 3982 unqonm
1213 3877 1346 3950 contra
1366 3863 1488 3983 ipsum
1509 3875 1618 3969 esser
1650 3861 1837 3981 quinhimo
1857 3863 1980 3978 ipsum

346 4011 461 4098 snpm
476 3996 526 4069 at·
539 3983 647 4087 olon,
667 3998 707 4069 et
726 3995 861 4070 namra
881 4013 1025 4088 omnes,
1045 3997 1084 4068 et
1102 3981 1316 4100 specialiter
1329 3997 1464 4070 contra
1476 3981 1628 4070 fratrem
1643 3993 1811 4068 nostrum
1831 3977 1978 4070 Ducem

154 4095 158 4102 ’
224 4056 227 4064 .
346 4099 573 4217 Switrignd‚
601 4102 745 4188 nostris
764 4099 942 4218 considijs,
965 4099 1111 4218 auxilijs
1131 4115 1171 4188 et
1189 4099 1391 4205 favoribus,
1413 4115 1449 4188 et
1469 4098 1662 4215 quibusvis
1682 4095 1872 4214 subsidijs,
1893 4096 1978 4202 vite,

202 4256 204 4262 ¹
345 4231 382 4304 ot
395 4211 521 4302 robur.
533 4218 656 4330 eciam
673 4217 1027 4342 quocienscumque,
1049 4229 1086 4304 ct
1099 4233 1236 4306 contra
1256 4219 1516 4338 quoscumqnc
1535 4217 1706 4322 inimicos
1726 4231 1977 4334 opportunum

344 4332 463 4439 forent,
485 4359 572 4420 cum
590 4337 722 4420 nostre
741 4334 917 4451 potencia
936 4334 1165 4454 viribusqre,
1186 4351 1225 4423 et
1244 4335 1404 4424 subditis
1417 4333 1568 4438 nostris,
1588 4345 1771 4451 perpetue
1785 4333 1979 4437 adiurare

345 4465 385 4536 ct
400 4451 459 4538 nd
472 4451 721 4541 hecn'rmiter
737 4450 964 4572 ohlignrmrr.
1004 4449 1098 4539 *Nec
1117 4483 1282 4572 unquam
1303 4453 1437 4570 ipsum,
1457 4451 1644 4570 aliquibus
1663 4453 1855 4586 exquisitis
1875 4450 1978 4540 codo
2067 4560 2071 4574 ,

201 4667 206 4690 ι
345 4569 467 4673 ribus,
497 4569 670 4683 rodomus
699 4567 880 4657 deserere
906 4583 946 4682 et
964 4568 1046 4687 alijs
1066 4569 1274 4678 adherere3
1307 4568 1376 4658 sed
1398 4599 1525 4656 seeum
1548 4583 1650 4659 stare
1670 4601 1706 4656 ιιι
1727 4568 1923 4687 prosperis
1941 4580 1978 4654 et

344 4683 537 4792 adversis,
553 4693 708 4778 ‘etcum
730 4687 779 4779 ab
794 4685 981 4777 'omnibus'
994 4685 1285 4796 adversitotrbus
1306 4701 1343 4776 et
1362 4687 1557 4806 periculis,
1585 4715 1680 4808 pure
1702 4699 1739 4773 et
1759 4698 1978 4774 constanter

196 4813 200 4821 '
344 4833 392 4892 ac
426 4799 587 4894 fideliter
619 4807 842 4926 permanire.
897 4805 1027 4916 Item„
1047 4807 1214 4928 prefatus
1249 4807 1364 4896 irater
1394 4821 1526 4915 noster
1561 4822 1599 4894 et
1629 4807 1686 4894 sui
1717 4834 1975 4910 successores,

1767 4937 1814 4992 ω,
1892 4939 1894 4944 .
