4780 5922
1037 771 1311 845 -lDD-

363 972 559 1077 firmando,
585 973 697 1059 debet
718 988 755 1059 et
776 971 957 1058 tenebitur
977 1002 1000 1058 a
1022 1003 1091 1059 sua
1112 1001 1341 1092 suorumque
1361 971 1547 1078 iudicum,
1569 973 1823 1081 Subiudicum,
1842 975 1991 1067 Casto-

363 1090 532 1178 lanorum
549 1088 710 1176 omnium
729 1087 1006 1195 iurisdictione,
1027 1089 1202 1195 dominio,
1215 1121 1271 1192 ¹ao
1287 1091 1396 1176 etiam
1413 1104 1609 1205 potestate,
1630 1122 1703 1178 neo
1718 1091 1795 1180 non
1812 1094 1991 1202 collectis,

363 1206 630 1311 exactionibus,
652 1207 761 1312 boue,
782 1235 914 1312 vacca,
934 1235 1018 1314 oue,
1039 1221 1168 1323 perna,
1191 1226 1284 1308 stan,
1307 1221 1345 1292 et
1362 1209 1600 1324 generaliter,
1622 1208 1671 1294 ab
1686 1210 1860 1297 omnibus
1874 1243 1992 1334 anga-

362 1327 438 1441 rijs,
458 1325 723 1441 praeangarijs
745 1326 1139 1442 quocunquenomine
1161 1322 1396 1428 censeantur,
1417 1326 1664 1412 consuetis'in
1683 1326 1800 1413 Terra
1821 1330 2021 1445 predicta·

360 1441 459 1527 Daci
481 1471 561 1530 ,seu
597 1440 763 1527 Domino
800 1437 847 1528 de
882 1441 978 1529 villis
1013 1457 1050 1528 et
1079 1471 1206 1527 earum
1236 1441 1367 1528 incolis
1398 1443 1584 1544 exbiberi,
1615 1441 1726 1559 plene
1756 1473 1804 1529 ac
1831 1448 1993 1535 totaliter

354 1558 545 1658 eximere,
565 1588 614 1644 ao
635 1561 746 1644 etiam
767 1558 937 1644 liberare.
987 1553 1048 1645 Eo
1069 1559 1248 1652 duntaxat
1269 1573 1446 1675 excepto,
1477 1559 1578 1675 quod
1600 1561 1904 1679 quandocunque
1925 1565 1991 1652 ca·

361 1687 477 1762 strum
506 1677 541 1760 in
562 1681 702 1788 lb'ppin
722 1673 770 1759 de
791 1703 894 1762 nouo
915 1673 1134 1782 aedificari,
1156 1676 1215 1763 vel
1229 1677 1309 1790 jam
1332 1674 1582 1779 destructum,
1613 1677 1785 1792 vol-prae
1806 1694 1991 1766 vetustate

361 1806 641 1907 consumptum,
678 1822 746 1880 seu
777 1791 850 1878 alio
882 1793 1078 1880 inlortunio
1115 1791 1366 1895 destructum,
1401 1823 1468 1910 per
1499 1795 1710 1912 terrigenas
1746 1798 1992 1884 communiter

360 1939 492 1996 omnes
514 1909 761 1996 reaedificare
781 1911 987 2029 contingat,
1008 1925 1096 1997 tuno
1117 1909 1240 1996 dictus
1261 1908 1433 1997 dominus
1454 1906 1680 2026 Episcopus,
1702 1925 1739 1997 et
1758 1913 1815 1998 sui
1839 1943 1991 2000 succes·

361 2042 491 2138 sores,
524 2055 593 2142 pro
615 2029 894 2115 constructione
926 2043 963 2114 et
984 2028 1147 2140 qualibet
1170 2025 1473 2114 reaedificatione
1495 2025 1608 2114 castri
1629 2029 1827 2146 praedicti,
1858 2030 1990 2118 decem

359 2174 509 2230 marcas
529 2144 789 2242 'lborunensis
810 2142 1001 2251 monetae,
1024 2145 1175 2232 soluere
1191 2146 1246 2231 'sit
1265 2144 1478 2231 adstrictus,
1524 2147 1731 2232 Praeterea
1753 2145 1991 2264 quiaDomi·

359 2293 430 2348 nus
455 2261 632 2348 Clemens
653 2260 868 2377 Episcopus
890 2262 1105 2366 PlooensiS,
1137 2263 1194 2347 sui
1215 2261 1416 2349 Plooensis
1439 2262 1597 2377 Capituli
1618 2263 1667 2348 ad
1689 2263 1725 2348 id
1747 2265 1857 2350 etiam
1878 2297 1991 2353 acce-

361 2379 474 2466 dente
514 2407 694 2482 assensu,
725 2381 761 2464 in
783 2394 859 2465 tota
890 2379 1010 2466 Terra
1030 2379 1297 2483 Dobrzinensi,
1316 2407 1396 2494 ‚per
1417 2393 1579 2496 quatuor
1598 2395 1729 2466 scotos
1759 2380 1807 2466 de
1827 2383 1992 2497 quolibet

359 2527 493 2584 manso
524 2498 673 2582 nomine
704 2493 873 2584 decimae
903 2513 941 2584 et
960 2498 1104 2584 ratione
1135 2497 1252 2613 ipsius
1283 2496 1499 2599 solutionis,
1530 2527 1599 2613 per
1619 2495 1764 2584 incolas
1784 2499 1991 2587 eorundem

359 2617 506 2717 statuit,
538 2613 722 2718 limitnuit,
754 2626 793 2700 et
822 2614 938 2704 voluit
967 2614 1036 2700 sibi
1077 2629 1115 2698 et
1141 2641 1233 2698 suae
1263 2611 1442 2700 Plooensi
1470 2612 1668 2700 Ecclesiae
1698 2615 1778 2700 lore
1807 2635 1990 2734 perpetuo
2022 2642 2027 2650 ’

360 2733 395 2817 in
416 2746 609 2849 posterum
630 2731 841 2818 laciendum
853 2767 864 2838 ;
895 2731 1018 2826 dictus
1049 2731 1234 2816 Dominus
1263 2728 1499 2818 Wladislaus
1520 2733 1556 2816 in
1577 2760 1704 2817 recom
1734 2759 1862 2818 ansam
1883 2733 1989 2838 illius,

361 2863 511 2936 centum
532 2877 687 2935 mansos
707 2848 755 2936 de
776 2849 934 2952 menois,
961 2849 1074 2956 aruis,
1095 2846 1183 2935 dum
1204 2862 1329 2966 tamen
1349 2849 1421 2934 sint
1440 2846 1623 2953 arabileS,
1655 2761 1761 2935 utiles
1792 2863 1829 2935 et
1847 2848 1991 2939 habiles

358 2996 430 3082 pro
450 2966 620 3076 cultura,
658 2967 759 3052 circa
784 2971 957 3067 Gorzeo,
989 2982 1053 3054 aut
1080 2968 1181 3052 circa
1211 2973 1290 3052 nes
1320 2979 1358 3051 et
1388 2971 1585 3051 Dombt'oo
1610 2964 1823 3082 praedicta,
1860 2965 1991 3055 silleri

361 3082 560 3169 commode
581 3085 737 3199 poterit,
773 3099 837 3168 aut
861 3083 947 3171 alibi
977 3085 1013 3170 in
1034 3085 1200 3171 viciniori
1221 3084 1326 3188 loco,
1361 3082 1424 3169 ubi
1454 3081 1639 3175 videbitur
1669 3077 1877 3168 adoininio
1907 3114 1989 3190 suo,

360 3216 473 3317 prout
502 3199 599 3286 aliae
628 3197 879 3288 haereditates
911 3214 949 3288 et
972 3201 1080 3287 villae
1116 3201 1314 3288 Plooensis
1343 3198 1544 3292 Ecclesiae
1574 3200 1753 3304 existunt,
1784 3199 1923 3288 liberos
1954 3217 1992 3289 et

358 3329 566 3437 exemptae,
598 3316 792 3407 distinctos
812 3348 836 3404 a
856 3318 967 3405 bonis
988 3320 1346 3428 c'rcumiaoeptibus,
1371 3317 1603 3434 integraliter
1623 3334 1661 3406 et
1679 3311 1876 3406 bonafide
1897 3319 1990 3405 dare

336 3448 399 3550 'et
419 3438 620 3551 assignare
641 3439 835 3539 tenebitur,
866 3437 915 3523 ab
936 3435 1085 3523 bomine
1106 3436 1270 3552 quolibet
1290 3435 1527 3552 exbrigatos,
1559 3447 1627 3519 seu
1649 3438 1759 3520 etiam
1781 3434 1989 3548 expeditos

356 3581 476 3668 penes
495 3553 632 3638 dictam
655 3552 882 3640 Plooensem
901 3553 1134 3656 Ecclesiam,
1168 3568 1204 3637 et
1225 3553 1304 3637 eius
1326 3551 1543 3652 dominium,
1564 3567 1746 3668 perpetuo
1766 3579 1989 3665 permansu-

359 3695 437 3754 ros.
495 3669 705 3770 Caeterum,
737 3669 892 3756 Sculteti
928 3670 1095 3758 villarum
1132 3671 1275 3756 'serrae
1310 3668 1580 3755 Dobrzinensis
1614 3668 1825 3784 praelatae,
1862 3669 1896 3752 in
1927 3668 1989 3754 die

356 3783 505 3872 Beatao
527 3785 750 3875 Catberinae
771 3788 937 3904 virginis,
958 3816 1029 3904 pro
1044 3786 1208 3900 quolibet
1228 3814 1361 3870 manso
1377 3785 1558 3890 villarum,
1578 3787 1614 3870 in
1632 3784 1765 3902 quibus
1786 3785 1988 3871 Scultetias

270 3957 273 3963 ·
359 3904 527 3990 obtinere
549 3917 777 4008 noscuntur,
806 3935 877 4020 per
909 3901 1068 4023 quatuor
1098 3917 1229 3991 scotos
1257 3904 1410 4023 exigere
1442 3918 1479 3989 et
1502 3901 1727 4020 recolligere
1756 3901 1913 3988 fideliter
1936 3923 1988 3990 'ac

359 4024 469 4107 etiam
487 4051 534 4106 ex
549 4024 708 4141 integro.
729 4022 881 4139 quando
897 4052 966 4139 per
981 4013 1138 4108 nuncios
1157 4020 1216 4109 vel
1233 4019 1358 4146 liteqas
1379 4021 1579 4108 Plooensis
1598 4019 1789 4134 Episcopi,
1812 4020 1874 4136 qui
1891 4049 1988 4107 nunc

359 4151 437 4239 est,
468 4152 506 4223 et
524 4169 595 4255 pro
616 4157 688 4225 tem
719 4169 786 4226 ore
805 4141 932 4240 luerit,
963 4141 1091 4225 moniti
1120 4169 1187 4225 seu
1219 4139 1383 4254 requisiti
1413 4138 1598 4221 extiterint
1617 4137 1653 4221 in
1677 4141 1840 4236 Dodrin,
1873 4138 1931 4228 uel
1951 4139 1987 4224 in

358 4259 496 4367 appe,
523 4255 644 4340 eidem
664 4171 872 4372 Episcopo,
902 4256 962 4340 vel
985 4257 1066 4370 ejus
1086 4257 1222 4340 nuncio
1243 4254 1293 4339 ad
1314 4253 1351 4338 id
1372 4252 1586 4368 specialiter
1604 4251 1800 4369 deputato,
1833 4285 1903 4342 suo
1922 4288 1987 4371 pe·

357 4370 476 4459 riculo
492 4371 707 4490 deportare,
730 4372 948 4459 dareetiam
966 4401 1033 4458 seu
1049 4371 1304 4487 praesentare,
1325 4372 1434 4456 anrris
1450 4369 1619 4488 singulis,
1640 4373 1829 4486 perpetuis
1846 4387 1987 4489 tempo·

357 4491 472 4595 ribus,
494 4489 726 4596 tenebuntur.
759 4489 853 4576 Tam
870 4488 1027 4599 (quaml)
1043 4491 1240 4604 pecuniam
1255 4486 1495 4574 recollectam
1512 4503 1552 4575 ut
1565 4490 1784 4605 praefertur,
1800 4504 1837 4574 et
1852 4491 1987 4576 nuncio
2105 4571 2109 4580 .

314 4700 317 4706 ,
358 4607 446 4694 dicti
477 4607 676 4696 Plooensis
706 4606 886 4725 Episcopi
908 4620 1194 4727 praesentatam,
1226 4607 1258 4692 si
1278 4604 1378 4710 idem
1400 4609 1557 4694 nuncius
1578 4605 1735 4693 eandem
1756 4606 1857 4691 dicto
1878 4601 1987 4724 Epis·
2134 4669 2136 4676 >

357 4754 458 4850 copo
480 4739 568 4829 tuto,
590 4755 736 4832 secure,
757 4755 806 4812 ao
826 4728 905 4813 sine
925 4723 1092 4844 periculo
1114 4723 1317 4839 deportare
1333 4720 1516 4842 nequeat,
1549 4723 1608 4812 vel
1629 4752 1704 4809 non
1726 4723 1866 4838 possit,
1897 4738 1987 4812 tuno

355 4843 539 4931 Dominus
560 4844 646 4930 Dux
666 4844 869 4961 praelatus,
890 4856 1050 4964 rogatus
1069 4859 1204 4951 muron,
1225 4857 1262 4928 et
1276 4843 1468 4931 cumdata
1481 4843 1691 4930 reuerentia
1708 4841 1839 4947 eidem,
1860 4844 1983 4961 ipsaia
