4870 5948
1077 675 1325 746 ..15-

1159 981 1262 1094 tt²
1290 993 1293 998 ’

871 1243 1061 1339 Burei,
1096 1243 1532 1384 ammomum).

387 1442 566 1516 lbirsco
580 1445 641 1518 uiti
654 1445 797 1538 Episcopi
810 1444 967 1522 iborensis
980 1446 1085 1532 uuor,
1100 1445 1194 1518 uilius
1209 1446 1361 1537 punsiaur
1374 1437 1576 1537 in'prouinoiu
1589 1445 1828 1519 Souicnirieusi
1842 1448 1942 1540 silus,
1962 1451 2014 1524 uei
2149 1513 2153 1518 .
2169 1485 2173 1493 Δ

191 1648 195 1656 ¹
271 1615 281 1628 ,
413 1547 603 1622 mommio
618 1547 776 1636 bucensi,
789 1548 840 1619 ret
855 1547 947 1618 uxori
961 1565 1053 1634 suna,
1068 1548 1163 1620 cerus
1179 1547 1409 1619 vomitionibus
1422 1547 1608 1640 propositis,
1622 1550 1815 1621 cacunem
1831 1549 1989 1638 donatii.

486 1769 527 1855 ln
549 1771 696 1880 nomine
716 1773 832 1886 patris
850 1785 887 1856 et
901 1772 963 1888 filij
982 1785 1018 1858 et
1033 1772 1182 1888 spiritus
1199 1773 1330 1862 sancti.
1363 1767 1454 1892 Ego
1472 1771 1612 1888 Dirscc
1634 1769 1733 1859 aduc
1761 1769 1843 1884 (sic)
1860 1775 2012 1882 vivenS,

386 1888 549 1976 ollerens
571 1889 679 1978 trado
700 1888 774 1976 deo
798 1890 1039 2007 omnipotenti
1060 1905 1098 1976 et
1116 1891 1226 1976 beate
1254 1889 1397 1995 lilerio,
1442 1889 1617 1978 iratribus
1647 1907 1684 1978 et
1714 1891 1909 1983 sororibus
1941 1891 2012 1980 suh

258 2117 262 2124 Ι
384 2014 523 2123 regula
545 1998 644 2093 heati
673 2008 872 2126 Augustini
894 2009 929 2093 in
950 2015 1078 2092 Buzslo
1099 2009 1352 2113 manentibus,
1390 2037 1486 2123 qucs
1507 2007 1556 2092 de
1587 2003 1751 2120 hiavit)
1773 2041 1842 2126 per
1864 2039 2013 2096 manum

384 2153 506 2208 meam
528 2124 684 2228 adduxi,
720 2156 790 2242 pro
807 2127 927 2211 salute
948 2127 1068 2211 anime
1088 2155 1190 2231 mee,
1233 2126 1333 2212 hona
1354 2153 1440 2208 mea
1460 2127 1495 2210 in
1516 2125 1615 2210 huuc
1641 2125 1804 2212 modum.
1845 2128 1886 2213 Si
1918 2158 2014 2215 uxor

384 2271 468 2325 mea
500 2241 604 2327 alteri
624 2245 705 2326 viro
727 2242 867 2327 nubere
887 2243 1062 2344 voluerit,
1112 2241 1335 2352 lb'nlccol3)
1366 2243 1399 2326 ei
1432 2238 1560 2348 detur3
1601 2246 1634 2328 si
1664 2247 1701 2329 in
1730 2244 1933 2346 viduitate,
1975 2247 2012 2331 in

385 2357 512 2442 habitu
535 2358 697 2444 seculari
733 2361 1000 2475 permanserit,
1050 2357 1287 2470 lh'zcieo'all)
1319 2359 1388 2444 sibi
1418 2358 1596 2466 addetur3
1639 2374 1677 2444 et
1708 2361 1743 2443 in
1775 2358 1833 2445 his
1863 2360 2012 2448 duabus
2091 2365 2115 2450 ,’

384 2488 524 2562 mnium
554 2493 793 2589 permaneat,
835 2507 918 2560 cum
940 2475 1086 2565 ‘familia
1122 2507 1213 2582 sua,
1254 2477 1378 2568 servis
1405 2474 1580 2561 videlicet
1613 2491 1651 2562 et
1679 2475 1841 2581 ancillis;
1883 2491 2011 2564 cetera
2089 2472 2099 2489 ⁹

373 2593 490 2680 locum
508 2594 654 2679 habeat.
696 2595 737 2678 Si
758 2621 851 2679 vero
868 2593 1069 2711 aliquando
1086 2594 1210 2678 divina
1227 2593 1414 2678 mediante
1431 2592 1656 2698 clemencia,
1687 2595 1723 2678 in
1740 2595 1886 2711 prelato
1903 2595 2009 2698 loco,

382 2711 546 2799 habitum
577 2711 768 2828 religionis
799 2712 993 2827 suscipere
1023 2712 1202 2816 voluerit,
1249 2726 1288 2795 ut
1318 2710 1402 2796 mihi
1433 2709 1503 2798 suh
1539 2713 1744 2798 iuramento
1780 2710 2011 2831 ¹uandcqoe

382 2829 568 2945 promisit,
611 2828 994 2914 omneslrereulitates
1015 2859 1119 2914 meas
1141 2829 1174 2912 ei
1196 2828 1265 2913 dc:
1308 2828 1449 2913 scilicet
1468 2844 1612 2945 partem
1634 2744 1808 2914 meamh
2003 2819 2010 2830 ¹

384 2976 467 3030 cum
484 2947 679 3050 iumentiS,
714 2951 890 3045 Nosccc,
929 2953 1107 3044 Petraeo,
1143 2952 1322 3057 Tectam,
1359 2952 1599 3045 Bezdrcoco,
1630 2953 1818 3048 Reeboco,
1849 2953 2009 3051 Vizcc'co²
2088 2987 2112 3010 ’-

386 3067 599 3168 Coreoooo,
641 3071 867 3174 Preme'slooc
889 3061 958 3175 (⁵).
1006 3064 1047 3149 Si
1088 3077 1210 3148 autem
1242 3065 1277 3148 in
1305 3063 1379 3148 alio
1421 3062 1586 3151 claustro
1617 3062 1782 3149 habitum
1813 3065 2007 3183 suscipere

482 3379 524 3463 (¹)
552 3381 599 3444 Ex
626 3379 789 3465 archetypo
815 3379 845 3443 in
869 3377 972 3444 charta
1000 3399 1184 3464 pergamena
1210 3377 1347 3444 crassiori
1374 3378 1502 3463 scripto,
1533 3378 1644 3444 Leonis
1669 3379 1797 3445 Comitis
1823 3375 2008 3465 Rnpszcuevii

382 3465 516 3549 proprio.
560 3463 693 3544 Sigillum
717 3485 841 3548 paruum
864 3463 1028 3530 intundum
1055 3465 1191 3531 taeniola
1216 3483 1397 3547 pergamena
1422 3481 1605 3547 appensum,
1633 3472 1782 3529 uetustate
1801 3464 1865 3548 jam
1889 3465 2009 3548 penitus

381 3547 515 3612 deletum
532 3555 563 3610 et
577 3551 722 3624 attritum,
739 3549 766 3611 in
780 3549 866 3633 cujus
878 3551 1013 3631 margine
1024 3549 1073 3613 uix
1084 3547 1189 3612 literae
1200 3549 1299 3622 „cori”
1313 3548 1370 3632 legi
1383 3556 1516 3632 possunt.
1537 3549 1572 3611 ln
1585 3547 1687 3625 dorse,
1703 3549 1864 3613 recentiori
1876 3549 2008 3633 quidem,

379 3651 502 3718 semper
516 3642 617 3696 tarum
633 3633 758 3716 auoque
774 3632 949 3698 charactere
965 3652 1109 3697 nurnerus
1128 3633 1209 3698 1100
1224 3632 1393 3716 inscriptus,
1409 3652 1531 3710 anuum,
1544 3653 1608 3718 quo
1624 3632 1699 3698 haec
1712 3634 1815 3698 tabula
1830 3643 1877 3696 est
1887 3632 2008 3716 scripta,

380 3739 442 3781 non
465 3713 594 3780 obscure
617 3715 689 3780 mihi
712 3715 845 3780 indicare
867 3713 992 3782 videtur.
1028 3716 1116 3780 Vltus
1136 3719 1215 3782 euim
1238 3715 1410 3802 Episcopus
1431 3715 1602 3795 Plocensis',
1624 3718 1674 3802 qui
1690 3724 1821 3782 testante
1843 3717 2009 3800 lllugcssio

380 3803 505 3886 aliisque
521 3799 772 3885 historiographis
788 3801 991 3876 nostratibus,
1014 3821 1135 3886 semper
1151 3819 1205 3886 pro
1222 3797 1379 3866 conditore
1403 3802 1578 3865 monasterii
1602 3802 1762 3866 Buscensis
1779 3808 1810 3865 et
1824 3800 2009 3865 Vitcviensis

380 3894 428 3952 est
440 3885 576 3960 habitus,
599 3906 679 3950 anno
697 3885 777 3949 1179
794 3885 823 3947 in
838 3886 866 3949 E
890 3886 1056 3968 iscopatum
1074 3894 1144 3969 post
1157 3885 1235 3972 Lupi
1252 3894 1382 3950 mortem
1397 3887 1560 3960 successit,
1584 3906 1664 3949 anno
1679 3907 1750 3951 vero
1769 3885 1848 3949 tuoe
1863 3884 1909 3948 vel
1928 3884 2009 3948 tuot

380 3977 517 4036 mortuus
540 3977 593 4033 esc
632 3969 719 4038 Circa
735 3988 847 4034 annum
867 3907 949 4034 libo
965 3970 1041 4036 bella
1057 3977 1122 4036 turn
1138 3971 1298 4050 intestino,
1322 3980 1386 4036 tum
1402 3991 1471 4036 cum
1487 3969 1621 4037 finitimis
1636 3970 1807 4034 nationibus
1829 3989 1889 4032 non
1912 3989 2009 4053 pauco

382 4055 650 4220 geretg3)cu3mko
662 4079 764 4201 hodie
787 4135 942 4221 oppidum
955 4137 1127 4222 parochiale
1143 4138 1171 4201 in
1187 4125 1341 4202 territorio
1357 4146 1388 4202 et
1401 4138 1525 4221 regione
1548 4135 1741 4220 Stopniceusi
1758 4136 1858 4202 situm.
1900 4121 2008 4202 ¹ll'itceo

379 4242 430 4288 rus
446 4221 628 4288 Siradiensis
643 4220 784 4306 regionis,
799 4221 960 4305 parochiae
976 4223 1136 4288 Burzenin.
1164 4223 1244 4306 (Vid.
1260 4222 1398 4288 Cromeri
1415 4221 1541 4286 Polonia
1556 4221 1622 4285 libr.
1636 4221 1716 4310 vlit
1730 4242 1759 4307 p.
1779 4222 1848 4285 144.
1864 4221 1912 4302 h).
1947 4244 1951 4253 ⁸

1812 2861 1833 2914 e
1862 2835 2011 2918 Buceslc
2073 2837 2096 2884 ²⁸
2159 2846 2170 2872 “

332 4324 340 4339 ·
479 4306 517 4388 (⁸)
549 4306 673 4375 Willam
697 4305 856 4370 Wcihbom
870 4306 899 4369 in
915 4304 1062 4372 indicibus
1083 4307 1219 4372 locorum
1242 4307 1379 4370 omnium
1395 4313 1457 4370 tam
1479 4303 1578 4389 Regni
1600 4305 1746 4372 Poloniue
1760 4325 1852 4391 quam
1875 4304 2008 4372 Galiciae
2142 4292 2145 4301 ¹

379 4389 490 4455 inostro
550 4390 650 4454 aesini.
1456 4419 1459 4431 ·

478 4409 627 4558 iiluViiln
652 4475 779 4540 Witoc'ez
799 4473 932 4558 regionis
954 4471 1122 4539 Kielcensis
1144 4469 1304 4558 parochiae
1319 4493 1393 4538 vero
1415 4473 1643 4540 Koulowiensis
1658 4473 1747 4539 nimis
1762 4474 1852 4558 longe
1867 4473 2007 4552 distante,

378 4557 427 4623 hic
448 4561 549 4642 potius
569 4559 619 4646 agi
642 4561 680 4624 de
710 4560 868 4624 'li'a'lniouco
889 4557 958 4624 uilla
980 4559 1145 4643 parochiali
1168 4557 1298 4642 regionis
1320 4558 1554 4636 Stasnouionsis,
1581 4561 1627 4626 uel
1651 4560 1689 4625 cle
1713 4559 1848 4624 Wcium'co
1870 4557 2007 4643 ejusdem

378 4644 510 4727 regionis
525 4642 750 4721 suessoniensis,
765 4643 928 4745 parochiae
943 4661 1015 4708 vero
1031 4644 1263 4708 Polaniecensis

478 4727 519 4810 (⁵)
547 4726 670 4792 Noscito
686 4735 716 4792 et
736 4727 867 4792 Protricc
882 4728 968 4792 villue
984 4728 1014 4792 in
1030 4730 1154 4814 regione
1176 4727 1372 4811 Opotoviensi
1396 4728 1433 4793 ad
1456 4727 1632 4812 parochiam
1655 4725 1817 4790 Wulniow
1839 4729 2005 4811 pertinent:

378 4810 545 4896 Tocsempy
555 4813 689 4896 regionis
702 4811 934 4897 Szpdlouieusis,
949 4811 1126 4896 parochialis
1139 4812 1217 4885 uilla:
1238 4811 1425 4888 Besdruooo,
1441 4812 1524 4899 quod
1540 4828 1621 4878 nune
1636 4829 1697 4876 non
1711 4818 1822 4887 eusmt,
1841 4819 1887 4876 est
1900 4810 2000 4876 iorsuo
