4778 5952
997 789 1174 864 ...229
1227 829 1274 844 ..

416 991 566 1104 Quibus
587 990 735 1110 quidem
758 989 1101 1106 supplicacionibus
1131 1021 1201 1107 pro
1231 999 1338 1108 porte
1368 986 1536 1108 ojus'derp
1565 990 1750 1100 iohannis
1780 991 1965 1080 Gnotbek.

314 1138 444 1197 coram
476 1108 584 1196 nobis
616 1107 804 1214 exhibitis,
838 1123 1014 1228 tanquam
1040 1110 1152 1226 justis
1181 1123 1410 1211 annuentes,
1441 1109 1679 1226 priuilegium
1702 1111 1948 1228 proinsertum

313 1240 453 1332 ratum,
494 1227 640 1312 ornum
677 1241 714 1312 et
744 1241 891 1346 gratum
928 1224 1132 1332 babentes,
1168 1229 1205 1314 in
1238 1225 1409 1316 omnibus
1440 1229 1520 1314 suis
1555 1230 1722 1343 punctis,
1759 1227 1949 1336 clausulis,

313 1343 598 1432 condicionibus
619 1359 656 1430 et
676 1343 841 1432 articulis
862 1345 1127 1452 innovandum,
1149 1375 1198 1464 ap
1226 1343 1449 1450 robandurn,
1469 1345 1728 1432 ratificandurn
1757 1359 1795 1432 et
1814 1345 1949 1431 contir-

312 1461 486 1548 manduur
509 1460 700 1564 duximus,
731 1464 1041 1580 innovarnusque,
1071 1376 1339 1580 approbamus,
1361 1461 1589 1550 ratificamus
1610 1478 1647 1551 et
1667 1463 1947 1570 confirmamus,

271 1585 444 1666 -'tenore
465 1581 700 1696 presencium
723 1580 920 1666 mediante.
971 1581 1233 1669 Decernuntes
1264 1582 1385 1699 ipsum
1416 1581 1532 1669 robur
1564 1595 1746 1699 perpetue
1766 1579 1948 1668 firmitatis

313 1697 499 1787 obtinere
541 1697 582 1786 lo
615 1699 721 1814 cujus
752 1699 806 1783 roi
837 1699 1087 1785 testimonium
1104 1699 1279 1819 ,sigiduni
1300 1714 1470 1785 nosbun
1499 1699 1739 1816 pausantibus
1768 1714 1830 1785 ost
1850 1696 1947 1785 sub·

177 1861 183 1870 ·
313 1845 532 1932 appensum.
589 1815 724 1901 Actum
767 1831 804 1901 et
839 1815 964 1902 datum
1001 1819 1035 1902 in
1067 1818 1326 1905 conuenoione
1356 1817 1527 1934 generali
1558 1822 1814 1918 Rodonnbusi,
1856 1817 1947 1905 seria

312 1929 483 2018 secunda
503 1945 591 2048 post
606 1934 742 2018 'festum
764 1935 885 2021 sancti
913 1931 1056 2020 Urbani
1084 1925 1255 2052 proxima
1276 1933 1324 2048 (d.
1345 1939 1397 2019 26
1417 1931 1543 2050 Maij),
1557 1933 1560 1939 ’
1573 1933 1685 2022 Anno
1708 1933 1847 2022 domini
1867 1931 1946 2019 mit-

312 2051 442 2136 iesimo
475 2050 773 2168 quingentesimo
805 2051 932 2168 quinto
954 2049 1096 2162 (1505),
1127 2049 1256 2172 Regni
1277 2081 1369 2144 vero
1390 2053 1508 2139 nostri
1531 2082 1630 2140 anno
1653 2067 1799 2172 quarto.
1850 2052 1945 2140 Pro·

172 2225 175 2234 Δ
312 2167 479 2254 sentibus
509 2168 824 2255 reuerendissiuro
857 2181 894 2254 et
914 2169 1131 2258 reuerendis
1154 2171 1190 2256 in
1213 2166 1364 2256 Christo
1385 2169 1554 2285 patribus
1576 2169 1755 2266 dominis:
1791 2169 1946 2261 Andrea

160 4772 166 4786 '
300 4749 458 4838 Christo
479 4753 595 4868 patris

311 2283 612 2406 Arobiepiscopo
630 2285 844 2373 Gneznensi
859 2301 895 2374 et
907 2286 1082 2390 Primate,
1098 2283 1339 2375 Beroardino
1355 2276 1489 2374 Eieoto
1506 2285 1756 2406 Leopoliensi;
1771 2287 1946 2379 dobaone
2025 2357 2033 2368 .

313 2401 592 2508 Cracouiensis,
614 2401 797 2490 Vicenoio
821 2403 1184 2512 Wiadissiouiensis,
1204 2403 1377 2492 iohanne
1398 2403 1683 2511 Poznaniensis,
1704 2403 1810 2492 Luca
1831 2403 1945 2492 War-

310 2521 484 2626 rniensis,
516 2519 673 2607 Aiberto
694 2519 921 2638 Vylnensis,
953 2538 991 2608 et
1010 2521 1173 2610 Martioo
1197 2521 1473 2626 Mednicensis,
1504 2521 1647 2610 Mathia
1667 2521 1945 2620 Premisiiensis

310 2638 576 2744 ecclesiarum,
608 2633 822 2756 Episcopis
873 2635 1062 2729 Necnon
1093 2640 1341 2758 magnificis,
1360 2639 1635 2727 venerabilibus
1667 2657 1705 2727 et
1732 2641 1944 2760 generosis:

309 2751 519 2872 Spitbkone
540 2755 589 2842 de
608 2761 794 2842 dorostoro
827 2755 1042 2844 Costetlano
1076 2755 1344 2864 Craoouiensi,
1374 2757 1549 2844 iohanne
1570 2755 1618 2847 de
1640 2763 1824 2868 Tiarnow
1846 2758 1944 2851 Sao·

309 2871 548 2979 donririensi,
585 2867 744 2961 Nicoiao
775 2873 981 2990 Gardzyna
1013 2873 1061 2960 de
1091 2881 1288 2962 Lubroncz
1325 2873 1579 2981 Caiiissieusi,
1615 2875 1805 2963 Petro-M
1833 2873 1944 2973 sehr,

307 2988 458 3106 kowskj
482 2989 529 3076 de
550 2995 694 3103 Myron
717 2989 973 3100 Lancioiensi,
1010 2989 1170 3080 Nieoiao
1194 2993 1243 3079 de
1267 2997 1480 3080 Cosczetecz
1509 2987 1750 3098 Brzesnnsi,
1780 2906 1943 3115 bicolno

308 3107 358 3194 de
393 3110 581 3194 Cretttow
612 3107 1040 3230 duniwiadisiawyensi,
1076 3109 1250 3208 iohanne
1282 3109 1330 3198 de
1363 3113 1545 3198 Tioroow
1581 3109 1745 3216 Russie,
1780 3105 1943 3199 Nicoiao

311 3223 360 3313 de
390 3230 644 3334 Curozwoolcj'
664 3221 896 3331 Lubiioensi,
928 3223 1150 3314 Prandotba
1181 3227 1230 3314 de
1262 3235 1482 3344 Ibiozyona
1515 3227 1716 3335 Raweosi,
1747 3227 1942 3336 Palatinis;

179 3399 188 3461 1
306 3342 484 3431 Jobanne
514 3343 656 3430 durand
691 3345 941 3450 Callissiensi,
981 3343 1156 3434 dobanne
1187 3343 1235 3432 de
1266 3353 1470 3432 stzeromb
1501 3342 1727 3449 Siradiensi,
1762 3345 1942 3432 danussio

305 3451 478 3577 Lataiskj
501 3461 736 3568 Gneznensi,
768 3461 941 3549 Jobanno
962 3460 1462 3580 StupeozkjSandeozeosi,
1492 3461 1641 3549 Jacobo
1664 3463 1711 3548 de
1731 3465 1942 3576 Szpelctuka
2080 3513 2084 3521 =

305 3577 575 3695 Voyoiozensi‚
601 3579 717 3664 Petro
738 3578 1031 3696 Schaiiranijeoz
1053 3577 1275 3686 Vislioiensi,
1295 3577 1469 3667 iohanne
1488 3578 1635 3686 Jordan
1657 3578 1705 3665 de
1726 3569 1941 3691 Zoktpczipii

303 3693 544 3812 Byeozensi,
577 3693 768 3782 Stanislao
790 3693 838 3781 de
858 3701 1181 3812 Mtodzeyotoyoze
1201 3697 1457 3804 Radorniensi,
1478 3695 1641 3784 Martino
1662 3693 1940 3816 Szkothnyczk]

304 3811 357 3899 de
378 3819 550 3926 Roporio
573 3811 869 3922 Zavicbostensi,
901 3812 1090 3903 Stanisiao
1111 3813 1330 3902 Potuiiczki'
1351 3813 1722 3932 Myedzyrzeozensi,
1753 3813 1872 3905 Petro
1893 3811 1941 3900 de

307 3933 549 4050 Opotenyozo
568 3929 769 4038 Landeosi,
790 3929 908 4019 Petro
926 3932 1064 4050 Gorskj
1082 3931 1274 4040 Nakiensi,
1293 3847 1519 4031 iiioolaode
1534 3941 1748 4048 Radzykow
1763 3929 1939 4055 Dobrzp·

302 4051 433 4150 nensi,
464 4047 620 4137 Andron
641 4049 689 4135 de
709 4057 1015 4165 Rodzeyowycze
1032 4049 1388 4168 Socbaozewyensi,
1409 4052 1531 4139 Paulo
1555 4051 1758 4169 Choteczkj
1779 4049 1939 4138 Polane-

300 4162 445 4268 czensi,
467 4159 703 4273 Casteilanis;
724 4167 898 4255 iohanne
919 4168 968 4254 de
987 4165 1131 4256 Losslco
1156 4165 1403 4273 Cancellori03
1424 4167 1572 4257 Jacobo
1589 4167 1636 4254 de
1651 4173 1938 4283 Scbydlowyecz

299 4281 561 4383 Thozaurario
581 4277 710 4400 Regni
732 4285 867 4387 nostri,
900 4283 1054 4371 biberto
1076 4283 1215 4402 Gorskj
1238 4285 1451 4372 Scolastico
1474 4283 1869 4401 Wladisslawyensis,
1902 4298 1939 4373 et

299 4397 466 4486 Nicolao
498 4397 545 4487 dc
579 4403 803 4513 Bortboyloj
823 4399 991 4488 Custode
1014 4401 1234 4492 Pioczensis
1256 4403 1521 4508 ecclesiarum,
1553 4403 1766 4520 secretariis
1786 4404 1936 4506 nostris,

299 4517 519 4635 ceterisque
555 4516 591 4602 di
622 4517 783 4634 nitorijs,
825 4515 1060 4611 officialibus·
1082 4531 1118 4603 et
1155 4518 1388 4607 curiensibus
1425 4521 1585 4626 nostris,
1621 4521 1722 4607 circa
1752 4524 1936 4641 premissa
1983 4533 1985 4538 ’

298 4631 464 4720 testibus
484 4633 558 4719 nde
580 4547 725 4838 dignis
755 4638 902 4722 sincere
923 4635 1032 4722 nobis
1053 4635 1208 4723 dilectis.
1250 4637 1388 4762 Datum
1408 4646 1479 4754 per
1498 4668 1631 4726 manus
1662 4637 1879 4726 Reuerendi
1899 4641 1935 4726 in

643 4755 754 4846 omini
774 4751 916 4840 Matbie
936 4752 1116 4874 Episcopi
1137 4755 1460 4875 Pruemijslyeosis
1481 4770 1519 4843 et
1537 4755 1667 4876 Regni
1687 4759 1804 4847 nostri
1825 4755 1935 4846 Vioe·
2039 4761 2043 4773 '

298 4863 518 4984 cancellarij
541 4869 687 4957 sincere
708 4869 816 4956 nobis
837 4869 971 4958 dilecti.
1189 4889 1192 4896 '
1308 4895 1310 4900 ’
1925 4917 1934 4927 w
