4778 5952
331 1035 347 1077 ,Ε

1090 685 1123 698 -
1178 641 1252 716 ero
1297 683 1352 745 ,-

400 846 698 967 appellaoionum
720 844 951 948 sentenciaS,
983 845 1049 930 aut
1068 845 1343 969 sentenciarum
1370 841 1652 958 appellaoiones
1681 843 1783 932 duris
1813 845 2033 935 Tbeotonici

401 967 545 1066 tramite
566 960 809 1067 diffiniendas
831 961 1131 1068 sentenciandas,
1153 991 1201 1048 ao
1221 964 1256 1047 in
1273 976 1403 1048 nostre
1423 961 1633 1077 lllajestatis
1650 963 1799 1048 nomine
1815 963 1891 1050 lrne
1906 964 2033 1054 debito

392 1065 672 1184 terminandas,
705 1080 934 1194 Capitaneus
966 1095 1095 1167 noster
1125 1084 1400 1183 Crocoue'eour‘s,
1432 1108 1502 1196 pro
1523 1090 1693 1195 tempore
1715 1109 1762 1162 err
1782 1078 2032 1200 delegacione

400 1215 531 1288 nostra
560 1197 706 1400 Repria,
736 1211 847 1312 prout
872 1199 988 1284 moris
1017 1211 1094 1302 est,
1127 1195 1268 1332 sibi'ad
1289 1194 1329 1330 id·
1348 1195 1560 1313 specialiter
1579 1195 1772 1302 lacienda,
1800 1196 1851 1284 de
1872 1212 2031 1317 quatuor

665 1343 749 1401 erre
770 1330 900 1402 nostre
925 1320 1197 1415 Crocouiensis,
1218 1313 1393 1400 uidelicet
1412 1313 1478 1398 de:
1504 1317 1704 1413 Graeceio,
1730 1319 1911 1417 Sondecz,
1941 1322 2031 1426 tajo-

283 1447 323 1549 *q
400 1441 532 1548 tyczlco
552 1448 588 1520 et
606 1438 801 1542 Bootmjo,
823 1447 902 1519 tres
920 1447 987 1519 aut
1007 1432 1107 1518 duos
1128 1431 1315 1520 Consules
1334 1432 1396 1517 vel
1417 1431 1617 1535 Scabinos,
1642 1459 1738 1548 quos
1760 1431 2032 1548 prudenciores

400 1569 438 1640 et
467 1551 709 1668 experciores
744 1552 781 1636 in
812 1549 911 1638 dicto
942 1550 1034 1636 dure
1065 1549 1300 1636 Theotonico
1330 1545 1652 1668 Meydburgensi,
1682 1551 1766 1636 lore
1794 1553 2030 1668 cognoverit,

296 1695 300 1704 '
399 1673 484 1787 ipso
515 1668 747 1786 appellatore
778 1685 1023 1788 procurante,
1063 1668 1206 1772 citabit,
1241 1679 1282 1751 ut
1311 1665 1360 1753 ad
1391 1682 1556 1753 oestrum
1586 1680 1756 1753 nostrum
1790 1672 2031 1755 Crocoetensc

284 1827 286 1832 ·
398 1786 627 1904 predictum,
659 1785 710 1870 ad
731 1803 874 1873 certum
894 1788 1086 1873 terminum
1109 1785 1345 1872 conveniant.
1395 1783 1446 1870 Et
1474 1784 1611 1870 ibidem
1642 1785 1808 1900 prelatas
1842 1786 2032 1874 sentencie
2124 1891 2128 1898 Ι

313 1315 608 1630 sitatibus

399 1902 460 1995 ttel
482 1905 755 1990 sentenciarum
778 1904 1074 2020 appellaoiooes,
1095 1905 1131 1988 in
1153 1904 1287 2022 quibus
1308 1900 1357 1987 ed
1378 1915 1546 1989 nostram
1568 1901 1804 2017 lllajestatem
1826 1919 1864 1990 ut
1886 1906 2032 2020 premit·

401 2023 486 2108 titur'
506 2020 729 2136 appellatum
751 2021 865 2127 loret,
897 2021 996 2107 dicto
1019 2033 1149 2108 nostr'o
1185 2021 1393 2137 Capitaneo
1414 2018 1475 2106 vel
1496 2019 1545 2107 ab
1567 2017 1699 2104 eodem
1722 2021 1921 2108 substituto
1945 2021 2031 2108 loco

359 2217 368 2244 .,
400 2137 575 2225 aduocati
596 2137 833 2254 presidente,
865 2137 1065 2242 diffiniant,
1096 2140 1326 2224 sentencient
1346 2153 1384 2222 et
1412 2138 1504 2224 dure
1533 2134 1833 2271 Meydburgensi
1861 2137 2030 2256 predicto

400 2258 670 2373 pronuncoient
688 2255 849 2342 finaliter
874 2269 912 2342 et
932 2255 1118 2342 decidant.
1170 2255 1207 2340 Α
1227 2256 1361 2371 quibus
1386 2252 1534 2372 quidem
1563 2253 1810 2363 dil'finiorone,
1841 2285 2029 2374 pronunc-

399 2373 568 2458 ciacione
600 2387 635 2457 et
663 2368 763 2457 linali
794 2373 1003 2475 decisione,
1036 2386 1166 2459 nostro
1192 2373 1346 2457 nomine
1377 2387 1418 2458 ut
1437 2373 1666 2484 premittitur,
1697 2372 1825 2478 lactiS,
1854 2402 1931 2460 non
1951 2375 2031 2476 erit,

262 2519 269 2532 ·
347 2574 352 2582 ,
399 2497 522 2606 neque
551 2519 637 2574 esse
665 2487 777 2574 debet
796 2489 955 2574 laoultos
976 2490 1149 2604 cuiquam
1170 2488 1324 2572 ulterius
1345 2486 1568 2604 appellandi.
1618 2483 1804 2576 Nolumus
1823 2491 1963 2594 eciam,
1995 2507 2033 2578 ut
2070 2599 2074 2604 ,

139 3004 141 3014 ,
339 2919 381 3009 sy

308 3013 352 3056 tr*
388 3029 389 3032 ¹

269 3169 274 3187 Ι
402 3071 606 3158 eorundem
628 3072 834 3190 Copsulum
855 3090 891 3161 et
907 3072 1167 3183 Universitatis
1187 3075 1304 3194 ipsius
1325 3075 1483 3160 civitatis
1503 3089 1632 3160 nostre
1654 3078 1910 3162 Crocooiensis
1926 3105 2030 3162 cotn-

402 3187 844 3312 modiset'successibus
864 3191 1031 3278 felicibus
1052 3195 1264 3309 specialiter
1283 3222 1563 3310 prosperemur,
1595 3189 1695 3278 unde
1714 3193 1905 3310 cupientes
1925 3193 2030 3308 ipsos
2177 3235 2187 3248 ·

344 3343 347 3350 ·
403 3305 475 3392 sub
496 3305 578 3392 alas
599 3306 680 3418 (sic)
702 3308 939 3429 benignitatis
970 3326 1099 3396 nostre
1126 3312 1175 3398 ab
1205 3310 1415 3398 incursibus
1435 3309 1609 3395 aduersis
1630 3321 1668 3394 et
1688 3308 1859 3428 periculis
1877 3339 2029 3428 preser-

403 3453 513 3527 uare,
545 3421 753 3511 addicimus
771 3427 993 3545 'specialiter
1023 3427 1321 3516 observandum:
1354 3427 1456 3545 quod
1488 3455 1620 3532 omnes
1650 3442 1685 3514 et
1706 3428 1840 3546 singuli
1870 3429 1974 3514 ciues
1994 3442 2031 3514 et
2155 3479 2162 3492 ,

332 3619 339 3627 .
378 3541 525 3628 incole
557 3541 723 3656 ejusdem
755 3547 912 3634 civitatis
933 3558 1063 3633 nostre
1097 3551 1354 3632 Crocom'ensis
1380 3576 1455 3632 non
1477 3537 1591 3649 alias,
1629 3575 1739 3750 quam
1761 3544 1810 3631 ad
1832 3543 2029 3648 Advocati,

400 2605 558 2722 predicti
581 2601 768 2688 Consules
788 2606 849 2690 vel
871 2605 1025 2690 Scabini
1045 2605 1164 2690 taliter
1184 2604 1232 2688 de
1254 2603 1462 2691 ciuitatibus
1484 2607 1703 2707 conuocati,
1728 2633 1799 2719 pro
1819 2605 2031 2718 hujusmodi

400 2719 743 2838 pronuncciacione
773 2735 809 2807 et
829 2720 1051 2807 diffinicione
1072 2721 1262 2807 sentencie
1282 2721 1343 2808 vel
1364 2723 1648 2826 sentenciarum,
1669 2734 1800 2808 nostro
1821 2723 1969 2809 nomine
1990 2738 2031 2808 ut

399 2835 613 2954 predicitur,
644 2837 752 2924 lactis
783 2839 833 2924 ad
863 2840 988 2956 aliqua
1012 2839 1154 2956 judicia
1185 2838 1387 2956 spiritualia
1416 2837 1478 2924 vel
1506 2836 1690 2926 secularia
1719 2867 1788 2953 per
1820 2841 2030 2958 quempiam

402 2953 616 3059 trahantur,
647 2969 713 3040 aut
737 2953 845 3042 aliter
870 2985 941 3073 pro
969 2987 1015 3044 co
1045 2955 1324 3074 quomodolibet
1351 2955 1607 3046 molestentur.
1656 2955 1858 3062 Preterea,
1889 2957 2032 3046 cumin

403 3674 440 3744 et
461 3657 710 3744 Scabinorum
741 3663 860 3778 ipsius
891 3664 1068 3768 ciuitatis,
1099 3662 1197 3748 idern
1218 3693 1311 3750 vero
1333 3661 1556 3750 Aduooatus
1577 3677 1614 3749 et
1666 3663 1789 3750 cabini
1808 3662 1860 3749 ad
1879 3691 2031 3750 suorum

404 3774 609 3862 Consulum
632 3781 858 3891 'presencias
886 3778 1049 3866 debeant
1078 3782 1252 3896 euocarj3
1285 3780 1470 3867 Consules
1501 3795 1624 3867 autem
1656 3811 1733 3872 non
1761 3779 1899 3868 alicubi
1928 3779 2032 3892 alias,
2082 3825 2087 3832 ·

404 3922 515 4008 quam
535 3890 586 3996 ed
606 3909 734 3980 nostre
764 3894 973 4010 lllajestatis'
1000 3893 1253 4002 audienciam,
1283 3897 1519 3983 dum-tamen
1549 3902 1824 3985 Croeouieseu
1846 3899 1883 3984 in
1904 3909 2030 3982 castro

380 4013 650 4130 ¹Cro'couiensi
676 4013 862 4098 constituti
893 4013 1091 4118 fuerimus,
1122 4027 1186 4100 aut
1206 4012 1256 4100 ad
1277 4013 1371 4099 illius
1402 4015 1462 4100 cui
1493 4016 1703 4130 specialiter
1730 4012 2029 4101 committendum
2061 4056 2068 4062 ·
2099 4039 2110 4052 ·

407 4122 630 4232 duxerimus,
652 4125 702 4212 ad
723 4144 886 4216 castrum
908 4130 1089 4239 duntaxat
1112 4137 1356 4218 Crocouiense
1377 4129 1596 4247 predictum,
1618 4161 1685 4247 per
1700 4131 2033 4218 literam-nostram

404 4239 580 4362 Regiam,
609 4245 726 4330 saluis
751 4247 914 4364 ipsorum
936 4249 1153 4366 priuilegijs,
1179 4252 1330 4336 euocari
1350 4250 1514 4366 poterint
1533 4247 1615 4359 (sic)
1637 4262 1674 4335 et
1694 4249 1808 4334 citari.
1862 4244 1976 4358 Quod
1997 4248 2031 4330 si

405 4358 674 4479 quoquomodo
687 4361 741 4477 ad
755 4366 849 4452 alios
869 4366 997 4484 Regni
1013 4368 1131 4453 nostri
1174 4368 1302 4454 uos'uis
1323 4365 1466 4453 iudices
1487 4363 1535 4451 ad
1557 4367 1629 4452 elie
1650 4365 1747 4470 loca,
1768 4391 2031 4481 aquocunquc

406 4507 474 4563 seu
496 4507 565 4595 pro
588 4505 812 4596 quacunque
832 4512 966 4588 causa,
995 4487 1127 4599 prelati
1148 4397 1287 4592 diues,
1316 4483 1558 4587 Aduocatus,
1592 4483 1777 4574 Consules
1797 4480 1856 4568 vel
1878 4479 2032 4568 Scabini

406 4610 510 4680 extra
531 4627 680 4690 murres
700 4598 799 4685 dicte
819 4599 976 4688 civitatis
1008 4605 1280 4704 Crocoowncis,
1310 4616 1442 4689 contra
1469 4613 1627 4718 presens
1656 4616 1825 4688 nostrum
1849 4596 2032 4692 indultum

408 4712 687 4828 quomodolibet
707 4719 854 4804 euocati
875 4720 957 4804 siue
978 4719 1079 4806 citati
1098 4721 1251 4827 luerint,
1282 4725 1502 4837 comparere
1522 4718 1670 4808 minime
1691 4718 1932 4820 tenebuntur,
1960 4743 2033 4802 nec
