4800 5942
1108 699 1285 777 -dlb
1338 739 1383 756 -

432 906 641 994 stacionum
657 919 869 993 nostrarum
885 903 1152 1008 solucionibus,
1176 903 1213 989 in
1234 899 1334 989 dicta
1349 899 1436 987 villa
1457 905 1631 1012 Moytoro
1651 898 1763 988 nobis
1784 900 1865 987 dari
1887 900 2006 989 solitis
2026 916 2065 990 ct

432 1027 635 1128 consuetis
655 1052 725 1139 pro
746 1022 855 1108 nobis
876 1023 1081 1110 reseruatis
1103 1032 1141 1105 et
1160 1017 1336 1106 exclusis.
1376 1018 1534 1123 Harum,
1555 1018 1690 1135 quibus
1711 1017 1870 1136 sigillum
1893 1033 2062 1106 nostrum

432 1173 640 1261 appensum
663 1151 732 1246 est,
754 1142 962 1228 testimonio
984 1139 1182 1226 literarum.
1233 1138 1369 1224 Datum
1391 1139 1428 1224 in
1453 1143 1588 1224 Jedlnu
1608 1137 1698 1224 leria
1721 1152 1855 1253 quarta
1876 1138 2061 1244 Cinerum,

432 1291 531 1348 anno
553 1260 690 1350 domiti
711 1258 902 1346 millesimo
924 1257 1295 1377 ‹ptadringentesimo
1314 1255 1463 1343 decimo
1483 1271 1634 1343 octauo.

533 1377 594 1464 Ad
611 1379 836 1465 relacionem
852 1377 1076 1492 venerabilis
1093 1374 1229 1461 domini
1245 1374 1394 1492 Donijn,
1415 1372 1526 1460 Sedis
1545 1371 1765 1490 Apostolioe
1782 1373 2060 1492 Prodrouotarij

434 1497 577 1584 Decani
598 1496 865 1586 Cracouiensis
886 1495 1014 1614 Regni
1035 1491 1193 1581 Polonie
1214 1487 1556 1609 Vicecancellarij..

940 1909 942 1914 ,
1111 1803 1380 1922 utxvu..

613 2079 746 2168 Sine
771 2080 922 2178 loco,
948 2099 1103 2165 anno
1129 2077 1274 2165 1419
1300 2080 1351 2192 rt,
1378 2077 1452 2168 16
1479 2077 1884 2167 menusanum.

431 2285 551 2360 annun
564 2285 796 2358 Nicotaus
810 2281 1108 2372 upon-owen
1122 2277 1225 2354 tntu
1238 2269 1367 2354 utino
1380 2281 1421 2353 rto
1437 2281 1585 2371 thnnrt,
1599 2285 1722 2376 putem
1735 2282 1925 2358 mmmdcc
1940 2282 2063 2358 nuth

678 2387 756 2466 aitte
770 2387 944 2454 Semnan
957 2384 1141 2460 octotooru
1154 2383 1455 2484 narcisoonunrio
1467 2385 1612 2458 monetae
1626 2383 1749 2476 obliget
1763 2387 1811 2473 (¹).
1918 2413 1946 2424 ··

385 2721 387 2726 ,
534 2607 716 2694 Nicolaus
742 2607 989 2724 Oporowsky
1010 2607 1322 2694 Subcomerarius
1345 2621 1382 2693 et
1404 2607 1634 2724 Capitaueus
1655 2607 1774 2694 Terre
1793 2605 2062 2696 Lancioiensis.

434 2726 575 2814 Notum
595 2726 756 2810 lecimus
775 2727 1011 2841 presentibus
1033 2740 1068 2812 et
1088 2726 1219 2810 luturis
1240 2727 1435 2811 uniuersis
1478 2726 1685 2840 Quomodo
1705 2725 1849 2828 Nobilis
1869 2723 2062 2828 Nicolaus,
2163 2811 2168 2822 ,

434 2842 645 2933 aduocatus
666 2845 704 2929 in
723 2849 929 2939 Sozouino,
951 2859 1119 2932 nostram
1135 2843 1384 2958 personaliter
1397 2845 1588 2932 accedens
1605 2843 1848 2962 presenciam,
1868 2873 1944 2930 non
1961 2869 2064 2928 eom·

435 2963 583 3082 pulsus,
615 2991 687 3050 neo
707 2975 881 3068 coactus,
903 2959 972 3049 sed
993 2962 1109 3048 animi
1125 2962 1183 3050 sui
1203 2960 1304 3049 bona
1325 2991 1408 3050 cum
1430 2961 1718 3067 deliberacione,
1739 2977 1777 3048 et
1796 2960 1954 3048 oonsilio
1975 2961 2065 3048 umi-

305 3083 308 3092 ’
435 3111 566 3169 corum
586 3110 759 3185 suorum,
780 3109 851 3166 neo
871 3112 948 3169 nou
968 3109 1037 3168 sua
1059 3081 1200 3199 ingenti
1221 3081 1445 3168 necessitate
1465 3079 1670 3198 prehabito,
1691 3094 1836 3199 partem
1857 3078 2066 3168 aduocaoio

360 3233 365 3240 ’
435 3229 505 3286 sue
525 3201 561 3284 in
577 3198 723 3304 ibidem,
748 3203 961 3308 Cooajrzm
976 3197 1131 3306 dictam,
1154 3199 1458 3286 iacentem'oiroa
1480 3215 1600 3287 metas
1622 3197 1800 3288 heredum
1822 3199 1857 3284 in
1882 3202 2063 3310 thnoylc

436 3315 950 3435 recognouit'obligaoionem
969 3319 1063 3428 (sic),
1083 3318 1119 3403 in
1136 3315 1256 3404 decim
1274 3329 1312 3402 et
1327 3330 1416 3404 uoto
1432 3319 1579 3421 mareis,
1599 3333 1748 3404 monete
1764 3316 1891 3434 Regni
1905 3314 2064 3402 Polonio
2141 3401 2145 3410 ,

436 3435 663 3539 communis,
685 3435 857 3522 videlicet
877 3435 1081 3525 mediorum
1103 3465 1328 3554 grossorum
1349 3466 1433 3522 cum
1456 3436 1719 3553 quartensibus
1739 3434 1905 3550 denarijs
1925 3433 2067 3550 parwia

436 3553 624 3670 demptis,
655 3551 777 3641 Nobili
813 3553 970 3641 Alberto
1002 3552 1050 3640 de
1084 3557 1273 3667 thuoylr,
1309 3569 1375 3640 aut
1403 3555 1484 3640 eius
1514 3553 1741 3670 sequacibus
1773 3553 1981 3670 tegitunis,
2017 3549 2068 3638 ad

428 3670 658 3776 tenendum,
680 3669 909 3777 babendum,
931 3671 1219 3788 possidendum,
1238 3673 1543 3759 commutandum
1565 3687 1600 3758 et
1621 3669 1851 3788 temporibus
1873 3669 2067 3788 oportunis
2091 3701 2096 3710 ·

438 3789 703 3908 obligandum,
730 3820 814 3908 oum
836 3793 1008 3878 omnibus
1039 3789 1088 3876 ad
1111 3791 1249 3878 dictam
1270 3789 1641 3906 partemaduocacie
1662 3789 1921 3907 pertinenoijs,
1944 3785 2066 3902 aguis,

437 3909 566 4024 pratis,
582 3907 696 4012 siluis,
711 3908 846 4012 borriS,
862 3909 970 4024 aquis
987 3924 1022 3995 ot
1039 3937 1166 3996 aarum
1183 3908 1417 4012 decursibus
1439 3907 1547 3994 nichil
1564 3938 1634 4026 pro
1650 3939 1693 3994 so
1708 3906 1769 3994 uel
1785 3907 1866 3994 suis
1880 3903 2068 4022 legionis

438 4027 477 4112 in
503 4026 637 4116 eadem
668 4025 921 4130 reseruandn,
953 4055 977 4112 a
1004 4027 1101 4112 testo
1131 4023 1340 4114 Natiuitatis
1370 4026 1509 4113 Christi
1535 4027 1585 4112 ad
1613 4025 1714 4113 aliud
1735 4025 1867 4113 testum
1888 4019 2068 4124 eiusdem,

440 4142 575 4232 talibus
596 4144 878 4236 condicionibus
900 4143 1144 4232 interclusian
1163 4144 1280 4258 Quod
1310 4146 1341 4231 si
1364 4160 1509 4262 tempus
1525 4143 1726 4248 obtulerit,¹
1750 4142 1933 4230 etdictus
1952 4137 2069 4228 Nloo-

441 4261 524 4349 laus
553 4261 689 4376 dictam
722 4277 865 4378 partam
896 4262 1081 4353 redimere
1112 4263 1289 4365 voluerit,
1321 4262 1419 4350 datis
1441 4263 1593 4380 prelatis
1613 4262 1734 4349 decim
1763 4277 1800 4349 et
1820 4259 2069 4347 octomarcitt

442 4378 554 4474 diuo.
576 4378 751 4483 Albcrto,
781 4397 846 4468 aut
876 4383 957 4470 cius
986 4380 1208 4498 legittimis,
1225 4380 1383 4468 eandem
1411 4383 1554 4467 tenebit
1579 4395 1618 4466 et
1634 4371 1869 4498 possidebit,
1894 4377 1945 4461 uti
1965 4376 2070 4493 priua

442 4498 659 4591 restitutam.
700 4493 803 4586 Etsi
825 4495 961 4588 dictum
980 4495 1174 4597 Albertum
1197 4489 1381 4620 quispiam
1400 4528 1472 4615 pro
1492 4499 1656 4586 conuicio
1669 4497 1885 4616 impedierit,
1903 4495 2072 4612 prelatus

447 4809 450 4818 .
543 4747 584 4830 (Ι)
614 4745 662 4814 Ex
675 4744 848 4832 archetypo·
857 4707 1088 4814 membranaceo
1101 4748 1132 4814 io
1146 4749 1336 4816 Vtrmrieusi
1346 4748 1496 4814 tabulario
1503 4748 1628 4832 purblioo
1643 4749 1741 4834 Regni
1755 4746 1903 4812 Poluniao
1918 4743 1973 4811 ppo
1991 4743 2072 4810 roto

444 4840 609 4897 asseruoto.
645 4831 791 4916 Sigillum,
806 4831 887 4917 quod
903 4830 1033 4898 taeniola
1048 4852 1231 4918 pergamena
1245 4854 1412 4917 appensum
1424 4842 1501 4922 orat,
1516 4833 1713 4900 desideratur.
1749 4831 1866 4898 untuta
1881 4829 2025 4916 praecisa
