4870 5948
1119 730 1448 801 ..16-„

431 929 610 1035 voluerit,
655 927 703 1015 de
738 923 797 1017 bis
838 929 1008 1015 omnibus
1049 957 1164 1045 supra
1200 928 1308 1014 dictis
1344 926 1613 1014 hereditatibus
1649 944 1687 1015 et
1721 927 1771 1013 de
1806 929 1961 1036 lamilia,
2007 927 2055 1016 de

431 1049 641 1166 ceterisque
661 1047 770 1134 bonis
791 1046 901 1132 nichil
922 1047 1066 1162 penitus
1087 1046 1156 1131 sibi
1177 1044 1303 1150 detur,
1362 1061 1460 1133 reter
1488 1061 1615 1132 vestes
1645 1048 1780 1164 quibus
1807 1047 1965 1166 tegitur3
1997 1063 2055 1134 set

433 1168 557 1253 omnia
595 1197 670 1252 non
692 1162 754 1277 (ὅ)
790 1166 905 1250 lrater
942 1195 1047 1252 meus
1082 1161 1299 1280 Episcopus
1334 1077 1465 1270 l'itus,
1511 1165 1623 1250 immo
1661 1165 1796 1251 iratres
1826 1178 1863 1252 et
1898 1193 2054 1253 sorores

432 1282 648 1402 supradicte
668 1282 860 1402 religionis
882 1298 1062 1398 perpetuo
1085 1280 1164 1368 iure
1195 1281 1395 1369 obtineant.
1437 1281 1522 1368 Hec
1552 1297 1676 1368 autem
1705 1281 1806 1368 dicta
1843 1297 1880 1368 et
1911 1284 2052 1398 scripta

433 1403 575 1490 suntin
597 1402 759 1487 ecclesia
779 1403 889 1487 beate
910 1399 1031 1486 lllarie
1052 1414 1139 1485 ante
1162 1400 1278 1514 ipsius
1298 1400 1434 1502 aliare,
1475 1401 1545 1485 sub
1568 1401 1776 1486 testimonio
1798 1398 1915 1487 solius
1936 1398 1997 1486 dei
2018 1415 2055 1486 et

432 1520 624 1638 genitricis
646 1521 747 1625 eius,
784 1513 996 1635 dominique
1027 1516 1211 1603 lobannis
1233 1517 1339 1633 primi
1360 1515 1497 1602 ibidem
1518 1518 1717 1634 prepositi,
1759 1519 1858 1604 laeta
1889 1517 1940 1602 ad
1970 1547 2054 1603 eum

286 1661 295 1682 ·
349 1719 352 1726 ,
433 1638 691 1742 confessione,
733 1652 769 1723 et
789 1638 888 1721 sacri
910 1635 1082 1751 corporis
1104 1646 1141 1719 et
1162 1637 1356 1754 sanguinis
1381 1634 1517 1720 Christi
1540 1634 1588 1719 de
1605 1667 1717 1721 manu
1738 1636 1853 1752 ipsius
1888 1664 2055 1721 commu·
2162 1679 2171 1694 ·

431 1757 544 1841 nione
565 1769 733 1870 sumpta,
775 1753 863 1839 dum
884 1753 933 1838 ad
947 1753 1091 1838 bellum
1112 1754 1294 1870 processi.
1333 1753 1418 1840 Hec
1439 1753 1471 1837 si
1493 1751 1663 1855 dominus
1687 1752 1903 1870 Episcopus
1919 1751 2056 1859 V[itus]

361 1876 364 1887 ’
430 1873 546 1958 irater
591 1903 714 1977 meus,
763 1871 824 1957 vel
872 1871 985 1987 aliqui
1025 1869 1084 1986 alij
1129 1885 1379 1987 cognatorum
1423 1899 1590 1954 meorum
1631 1871 1918 1974 immutaverint,
1960 1868 2055 1954 deus

431 1991 668 2105 omnipotens
690 2003 727 2074 et
747 2002 865 2075 mater
885 1989 945 2106 pia
966 1988 1077 2108 virgo
1097 1985 1219 2075 lllaria
1245 1988 1409 2074 vindicet
1439 1989 1475 2074 in
1497 1988 1567 2074 eis:
1609 1987 1680 2076 sub
1711 1989 1817 2074 cuius
1847 1988 2055 2074 testimonio

374 2199 378 2206 ,
432 2122 519 2195 sunt
539 2107 610 2192 bec
631 2107 741 2192 lacta.
783 2106 915 2193 Amen.

430 2320 589 2396 Βωκοωο,
611 2319 678 2386 villa
699 2322 877 2404 parochialis
899 2321 928 2386 in
951 2321 1075 2407 regione
1097 2319 1305 2406 Stopnicensi,
1327 2343 1386 2388 non
1406 2322 1550 2408 procula
1574 2321 1674 2387 Buslro
1693 2324 1759 2387 sita.
1796 2321 1933 2386 Reclooo
1955 2319 2056 2385 torsan

430 2403 575 2470 llzccbdw
599 2407 729 2490 regionis
751 2405 939 2482 Soleeeusis,
962 2406 1121 2491 parochiae
1137 2427 1208 2472 vero
1222 2409 1359 2480 llsensis;
1382 2408 1437 2474 sed
1452 2427 1545 2492 quum
1562 2406 1699 2470 Br'ecldw
1715 2406 1781 2471 villa
1796 2389 1975 2488 parocbialis
1991 2404 2055 2470 aliis

429 2492 608 2555 monasterii
621 2491 709 2556 bonis
720 2492 759 2556 sit
770 2491 906 2575 proxima
919 2492 947 2554 in
960 2493 1084 2574 regione
1093 2490 1293 2575 Stopnicensi,
1305 2491 1391 2556 lacile
1403 2494 1518 2554 literam
1530 2491 1559 2554 ll
1572 2513 1625 2572 pro
1635 2489 1664 2552 B
1676 2511 1778 2553 errore
1791 2489 1903 2553 librarii
1914 2490 2054 2571 scriptam

430 2574 524 2639 luisse
535 2572 700 2648 crederem,
712 2577 751 2638 ita
763 2583 798 2636 ut
810 2578 839 2636 in
853 2575 1005 2655 privilegio
1016 2573 1152 2638 Beclooo
1165 2594 1220 2657 pro
1231 2575 1368 2639 Reclovo
1380 2573 1540 2660 legendum
1553 2575 1600 2636 sit.
1623 2572 1774 2638 Cermooo
1784 2573 1884 2636 forsan
1899 2573 2056 2636 llorzenou

296 2702 299 2711 ,
431 2664 478 2722 est
499 2658 529 2720 iu
552 2659 674 2740 regione
696 2657 909 2740 Opatorieusi,
934 2658 1095 2741 parochiae
1120 2655 1276 2737 Oetaeam,
1306 2677 1366 2722 non
1390 2657 1494 2741 procul
1511 2679 1527 2720 a
1543 2657 1734 2722 Pierzebnica
1750 2668 1781 2721 et
1797 2657 1915 2724 llukdm
1929 2657 2055 2754 oppidis.

430 2740 632 2824 Przcmystdw
648 2749 679 2803 et
693 2741 898 2825 Przymysldw
914 2739 1023 2804 frustra
1040 2743 1069 2803 in
1085 2741 1215 2825 antiquis
1232 2742 1397 2808 Cracoviae
1412 2750 1443 2805 et
1457 2741 1668 2805 Sandomiriae
1684 2742 1847 2827 provinciis
1862 2761 2055 2826 quaesiveris.

430 2823 536 2902 Quid?
551 2825 575 2886 si
588 2845 697 2908 pagum
710 2823 879 2898 Przcezdw,
893 2825 1023 2910 regionis
1034 2821 1249 2908 Stopnicensis,
1265 2825 1428 2910 parochiae
1437 2832 1539 2889 autem
1552 2825 1759 2890 Beszoviensis
1770 2826 1817 2890 bic
1829 2825 2056 2909 intelligendum

431 2916 574 3078 putomlil
584 2909 638 3056 im
654 3011 723 3058 cum
737 2991 847 3092 lineola
862 3012 955 3074 super
969 2992 1102 3058 vocalem
1119 3013 1136 3056 ο
1151 2995 1249 3079 posita
1263 2992 1495 3079 autbograpbon
1510 2992 1558 3059 bic
1573 2992 1703 3060 exbibet.

1195 3287 1295 3401 llll.

871 3512 1217 3618 (cracoviae
1243 3483 1397 3598 ummo
1422 3511 1613 3618 120²).

429 3715 584 3788 Fulco
598 3715 770 3808 Episcopus
785 3665 1012 3805 nacoriensis,
1032 3717 1169 3788 decimas
1184 3716 1222 3788 ic
1236 3717 1321 3789 siliis
1342 3719 1473 3803 Wojczo,
1496 3719 1633 3806 Wrnrury
1648 3721 1682 3790 et
1695 3715 1855 3806 battere)
1868 3714 2056 3811 perdentes,

629 3817 779 3891 coenobio
794 3815 1013 3888 nonretsuu
1029 3815 1147 3888 ordinis
1161 3817 1479 3947 bumonstsaicpsis
1493 3817 1641 3892 iusceusi
1656 3817 1799 3890 conutu
1810 3819 1859 3904 (¹).

536 4022 664 4135 Quum
681 4036 862 4140 precepta
881 4020 1057 4138 specialia
1074 4021 1249 4137 personis
1265 4020 1491 4138 specialibus
1506 4024 1718 4139 specialiter
1733 4025 1944 4129 constituta,
1965 4053 2057 4141 quo-

430 4140 521 4226 libet
534 4141 614 4252 (sic)
627 4139 859 4258 generalium
875 4139 1000 4255 aliquo
1016 4140 1141 4226 areius
1157 4139 1280 4226 solent
1295 4141 1575 4260 constringere,
1596 4172 1672 4262 ego
1688 4143 1808 4230 Fulco
1826 4142 2056 4228 Cracovien-

531 4354 570 4439 (Ι)
598 4356 644 4421 Es
668 4353 829 4440 archetypo
852 4355 883 4422 in
907 4353 1009 4420 charia
1031 4372 1213 4440 pergamena
1237 4354 1376 4420 crassiori
1398 4355 1528 4438 scripto,
1549 4357 1598 4422 cui
1617 4358 1712 4443 sigilla
1733 4379 1787 4424 sex
1806 4378 1941 4444 ⁴appensa
1964 4356 2057 4421 luisse

430 4440 586 4513 ridentur:
614 4439 763 4524 siquidem
786 4439 844 4503 tria
867 4447 985 4504 arsiam
1000 4441 1141 4524 (primum
1164 4437 1318 4517 videlicet,
1340 4447 1480 4525 quartum
1503 4443 1699 4524 cisonium),
1725 4443 1911 4527 reliquorum
1934 4440 2057 4508 luubuli

429 4533 547 4589 tannim
562 4525 649 4589 serici
666 4524 708 4606 (et
721 4523 846 4589 secundi
862 4523 984 4609 quidem
1000 4531 1029 4590 ct
1043 4523 1140 4609 quinti
1156 4523 1234 4606 nigri
1249 4523 1376 4601 coloris,
1392 4524 1473 4616 tertii
1488 4525 1622 4608 rubeus).
1652 4525 1786 4592 Primum
1802 4526 1949 4609 sigillum,
1972 4525 2057 4610 cujus

429 4609 580 4674 funiculus
603 4607 700 4672 lineus
722 4608 828 4682 albus,
854 4629 892 4672 ex
912 4628 980 4672 cera
1004 4609 1115 4692 vulgari
1138 4609 1224 4684 alba,
1253 4607 1371 4674 lormae
1396 4609 1546 4674 rotundae
1568 4610 1719 4694 oblongae
1740 4609 1869 4686 laetum,
1896 4609 2056 4694 imaginem

429 4700 640 4841 ‘iittiit
657 4691 1013 4842 {illidit-”itui
1029 4693 1671 4845 iltuiittiiiitiiiiiitzitta
1690 4693 2065 4860 ititiilitiitti.

429 4797 549 4945 iocaut)
564 4797 804 4945 impulsionum
827 4825 937 4945 Margo
952 4861 1083 4945 sigillum
1098 4861 1224 4944 cingens
1232 4861 1307 4929 baec
1318 4827 1453 4930 exbibet:
1467 4869 1503 4938 „†
1513 4860 1799 4944 sustineamur
1815 4798 2057 4934 Vrotialuoieerir
