4788 5926
1008 787 1283 860 -103-

330 987 518 1078 humato
534 979 609 1074 seu
630 981 792 1072 ottioiate
816 983 852 1070 in
874 982 976 1074 omni
995 995 1143 1092 o'ausa3¹
1166 1015 1238 1071 nee
1257 987 1405 1092 citetru,
1422 998 1460 1072 at
1475 985 1612 1074 citatus
1632 1016 1709 1074 non
1721 1001 1961 1106 compareat,

331 1105 491 1197 nmine
512 1101 743 1197 suisinootis
762 1100 982 1202 adobiecta
1002 1132 1274 1220 responsurus,
1295 1125 1396 1219 'perra
1417 1104 1578 1192 totaliter
1598 1105 1730 1221 proed
1751 1121 1869 1213 mota;
1889 1101 1960 1194 nisi

171 1247 175 1252 ·
330 1215 402 1339 pro
427 1220 592 1340 gadibus
617 1218 885 1328 hereditatum,
915 1234 1004 1308 tunc
1031 1249 1161 1308 eoram
1189 1221 1302 1310 nobis·
1323 1222 1574 1338 comparabit,
1605 1221 1724 1310 littera
1745 1219 1960 1312 temeri-sub

329 1338 444 1432 anulo
474 1355 604 1426 nostro
634 1336 683 1424 ad
711 1338 1350 1455 nostram·presenciam-'evocatus
1393 1339 1960 1456 Contulinrusdomuiprediota

330 1457 462 1562 roiam,
485 1456 534 1544 ob
553 1485 670 1573 spem·
683 1455 812 1544 salutis
832 1471 975 1560 eterne,
996 1455 1390 1577 precibusreverendi
1409 1459 1477 1546 viri
1496 1455 1584 1544 dicti
1606 1448 1961 1564 Abbatisinolinati,

331 1587 372 1660 ut
391 1575 736 1692 quocienscumque
762 1586 830 1662 uut
853 1603 1091 1692 quocumque
1117 1574 1233 1665 mado
1253 1575 1423 1662 homines
1444 1574 1582 1664 domus
1603 1574 1703 1664 dicte
1722 1575 1961 1667 novitiorum

329 1690 581 1807 predictarum
601 1721 646 1780 se
665 1705 792 1782 mutuo
811 1689 1038 1796 omiderint,
1068 1692 1325 1810 cuiuscunque
1344 1691 1577 1803 condeionis
1597 1707 1661 1780 aut
1680 1724 1797 1780 sexus
1815 1694 1961 1798 tuerint,

329 1821 395 1898 ait
414 1808 507 1898 liber
526 1809 814 1926 asscripticiurn,
843 1822 908 1896 aut
927 1810 1184 1922 asscripticius
1204 1806 1380 1913 liberum,
1411 1823 1477 1895 aut
1495 1809 1588 1895 tiber
1608 1807 1790 1915 liberum,
1813 1824 1879 1897 aut
1897 1840 1962 1898 as-

330 1926 541 2059 scripticius
561 1927 835 2041 asscriptioium
857 1929 952 2014 intra
968 1925 1145 2014 terminos
1160 1925 1346 2014 bonorum
1361 1925 1523 2014 ecclesie
1539 1955 1608 2011 seu
1623 1924 1720 2031 alibi,
1739 1927 1962 2043 Propositus

263 2135 266 2143 ,
331 2040 420 2159 dicti
448 2044 524 2134 toci
552 2057 667 2130 totam
693 2071 828 2158 penam
849 2041 1036 2130 homicidi
1058 2042 1161 2128 tottet
1180 2044 1217 2128 in
1238 2041 1392 2130 eisdem.
1432 2043 1475 2128 Si
1494 2057 1618 2130 autem
1638 2042 1751 2132 homo
1772 2041 1963 2160 prepositi

332 2177 570 2268 extraneum,
600 2173 667 2246 eut
686 2172 890 2248 extraneus
913 2158 1103 2274 Prepesiti
1123 2159 1322 2264 occiderit,
1350 2162 1610 2278 ¹cuiuscunque
1639 2160 1871 2248 condicionis
1899 2174 1964 2247 aut
2028 2210 2048 2244 ,ι
2195 2159 2200 2180 ’

332 2299 466 2382 semu,
497 2293 537 2366 ut
555 2277 757 2394 prefertur,
788 2277 978 2381 extiterit,
995 2276 1227 2392 Prepositus.
1240 2275 1400 2364 mediam
1421 2291 1564 2394 partem
1592 2275 1779 2365 homicidii
1797 2278 1963 2366 ,habebit
2049 2283 2081 2303 “²

331 2397 375 2484 Si
394 2393 827 2486 111111111111111111
847 2393 907 2483 vu
930 2391 1179 2510 qualicunque
1199 2408 1325 2482 morte·
1338 2407 1605 2511 preocupatus',
1627 2395 1709 2482 sive
1725 2395 1852 2510 piures
1867 2395 1963 2480 intra

332 2514 511 2604 terminos
546 2511 732 2599 bonorum
763 2509 898 2598 domus
927 2512 1026 2596 dicte
1057 2511 1232 2598 inueotus
1258 2512 1388 2616 tuerit,
1423 2515 1680 2629 cuiuscunque
1703 2510 1963 2615 condicionis,

332 2633 459 2734 etatiS,
483 2628 783 2746 preeminencie,
798 2627 962 2746 gradus,
983 2641 1104 2714 status
1124 2641 1189 2714 aut
1208 2658 1325 2715 sexus
1346 2631 1514 2734 extiterit,
1536 2657 1595 2732 eo,
1613 2627 1718 2832 {aad
1740 2626 1964 2716 venerabilis

331 2751 389 2838 uir
409 2747 584 2836 dominus
605 2744 790 2834 Martinds
811 2746 1028 2861 sepedictus
1050 2746 1203 2832 claustri
1224 2748 1434 2860 memorati,
1463 2777 1535 2834 nos
1556 2759 1595 2833 et
1652 2775 1791 2832 arones
1811 2761 1965 2860 nostrus
2016 2825 2021 2834 .

333 2881 371 2954 et
388 2891 503 2984 quam
526 2861 705 2981 plurimos
726 2893 751 2950 a
771 2863 902 2957 mortis
922 2863 1091 2981 periculo
1111 2862 1173 2950 itio
1196 2876 1365 2982 tempore
1385 2863 1575 2968 liberavit,
1608 2893 1692 2949 curn
1714 2863 1816 2950 eirea
1839 2867 1966 2950 Criorir

334 2995 502 3074 castrum
530 2982 875 3096 supranominatum
901 2982 937 3068 in
965 2979 1127 3069 Polonia
1146 2982 1368 3086 fuissemus,
1397 2981 1506 3069 vittas
1527 2981 1743 3098 sepedictus
1763 2995 1801 3066 et
1820 2979 1989 3092 incolas*

333 3100 499 3218 ipsarum
520 3097 655 3186 domus
677 3097 794 3204 dicte,
814 3109 836 3183 a
858 3097 1187 3215 penahuiusmodi
1207 3099 1419 3214 hmrdcidij,
1434 3101 1515 3186 sive
1534 3097 1707 3186 Duoaurs
1728 3099 1863 3204 nostri,
1879 3097 1966 3186 siue
2113 3143 2119 3154 ·

333 3209 590 3334 cuiuscunque
610 3215 798 3322 honorati,
830 3233 867 3304 et
885 3217 1063 3334 precipue
1086 3215 1290 3316 Castetlani
1314 3218 1427 3304 castri
1454 3215 1506 3304 de
1537 3212 1700 3329 Bato(⁸)
1729 3229 1767 3301 et
1792 3216 1841 3304 ab
1861 3244 1968 3304 urna
2064 3199 2081 3279 1
2159 3239 2165 3260 “

334 3333 451 3424 mette
473 3335 661 3450 capitatis,
693 3341 769 3422 tam
789 3335 823 3421 in
845 3333 920 3422 1111
935 3365 1078 3439 causa,
1111 3365 1222 3451 quom
1250 3336 1434 3422 eoiaruin
1454 3334 1648 3450 premissis
1676 3334 1836 3420 totaliter
1863 3333 1966 3424 exet,
1997 3381 2001 3387 ·

333 3452 731 3570 pientesabsotvimus
751 3468 787 3539 et
808 3453 955 3540 liberos
968 3483 1043 3538 eos.
1057 3450 1507 3568 reddimuspresentibus
1528 3466 1566 3536 et
1585 3451 1777 3562 immunes.
1814 3446 1894 3536 Sed
1914 3441 1965 3534 ud
2095 3555 2099 3569 ,

282 3564 287 3574 ’
334 3582 447 3685 quem
465 3567 678 3656 huiusmodi
698 3598 795 3685 pena
815 3565 868 3656 de
886 3570 966 3656 iure
986 3570 1221 3684 pertinuerit,
1236 3595 1357 3654 reum
1367 3577 1528 3685 pumat,
1555 3579 1596 3654 et
1616 3567 1653 3652 in
1673 3563 1808 3656 eodem
1827 3590 1966 3683 penam
2101 3663 2105 3668 ,

333 3687 416 3776 iuno
433 3699 580 3803 repetat
599 3677 807 3800 capitalem
856 3685 1030 3820 Denique
1044 3686 1192 3792 donau,
1222 3685 1435 3774 theloneum
1456 3699 1494 3772 et
1513 3686 1666 3772 forense
1687 3683 1790 3804 quod
1803 3687 2075 3802 cerff
2093 3682 2122 3748 ‘³'

336 3803 482 3906 dicitur,
511 3800 724 3890 donacione
745 3786 986 3895 Serenissiuu
1004 3803 1190 3922 Principis
1210 3805 1261 3922 pii
1282 3803 1480 3892 Wtadsiai
1500 3803 1693 3919 antipatris
1714 3804 1831 3890 nostri
1850 3800 1966 3890 felicis

334 3919 617 4011 recordacionis
634 3916 707 4030 (⁹),
738 3919 900 4008 ecclesie
919 3949 967 4006 ac
987 3920 1085 4008 dicte
1106 3921 1233 4009 domui
1262 3921 1491 4010 Yezeviensi
1508 3935 1545 4006 et
1564 3920 1739 4008 fratribus
1760 3919 1894 4004 ibidem
1916 3916 1965 4004 ab

336 4039 491 4154 mdqrro
518 4036 679 4144 datum,
708 4051 884 4124 statutum
915 4050 955 4124 et:
979 4040 1121 4158 scripto
1142 4038 1435 4142 consumatum,
1471 4036 1573 4158 quod
1603 4039 1782 4153 scripturn
1812 4064 1897 4121 curn
1927 4037 1967 4122 iri

336 4153 583 4272 expedicione
603 4153 822 4272 supradicta
833 4157 1060 4261 tonsorios,
1087 4156 1246 4246 vidimus
1268 4173 1305 4244 ct
1324 4159 1461 4244 tactum
1482 4153 1773 4259 audivimus„et
1792 4154 1966 4241 manibus

335 4272 478 4361 uostris
500 4265 832 4378 contrectavimus,
858 4272 955 4364 idem
975 4275 1116 4380 forum,
1138 4274 1349 4361 theloneum
1372 4287 1410 4356 et
1430 4292 1584 4385 torpooe
1604 4271 1719 4358 libere
1739 4301 1787 4358 ao
1807 4271 1965 4388 pacifice

337 4387 435 4477 dicte
450 4388 577 4478 domui
592 4405 629 4477 et
640 4389 815 4477 fratribus
830 4389 1057 4496 habendum,
1074 4391 1337 4496 exercendum,
1353 4387 1632 4508 percipiendum
1649 4403 1686 4476 et
1701 4387 1965 4507 perfruendum

453 4657 467 4696 ⁰
509 4654 612 4731 Bioto,
627 4655 773 4742 oppidum
789 4653 960 4743 parochiale
973 4653 1118 4721 Berensis
1132 4653 1276 4722 territorii
1291 4665 1323 4718 et
1336 4652 1477 4739 regionis.
1891 4719 1905 4738 „

450 4741 463 4780 ⁰
510 4739 611 4818 Quem
626 4739 813 4805 Vtadisteum
828 4739 962 4818 Ducem,
983 4739 1117 4826 quidque
1132 4739 1198 4804 enti
1216 4739 1293 4802 orris
1311 4739 1403 4805 verbo
1424 4738 1580 4804 Bolestaus
1602 4737 1651 4803 hie
1666 4738 1812 4804 denotare
1826 4737 1965 4815 vetuerit,

340 4841 402 4888 non
417 4828 491 4887 satu
505 4823 593 4889 nobis
609 4823 801 4911 perspicuum
815 4831 878 4890 est:
899 4823 987 4890 facite
1002 4831 1104 4890 autem
1121 4821 1158 4888 de
1202 4820 1327 4889 tadistao
1349 4823 1410 4888 titio
1433 4821 1551 4900 Odonis
1573 4823 1620 4907 agi
1635 4830 1795 4907 punimus,
1816 4843 1910 4910 quum
1925 4823 1964 4910 ab

341 4905 451 4975 eedem
467 4906 554 4974 Duce
568 4907 699 4996 piurima
713 4907 900 4976 monmterio
914 4907 1077 4976 Lubiueuei
1092 4907 1245 4994 priuilegia
1263 4907 1418 4995 impertita
1431 4904 1524 4971 tuisse
1537 4905 1678 4975 sciemur.
