4870 5948
1088 703 1336 776 „39-

401 905 637 1026 presentibus
658 935 771 1022 quarn
796 906 926 992 tuturis
955 912 1083 990 notum
1104 904 1402 1008 essevolumus,
1437 904 1544 1024 quod
1568 905 1621 992 ad
1648 907 1860 1023 petitionem
1886 909 2023 1028 dominj

401 1025 569 1114 Heinrici
588 1024 766 1126 obbatis,
787 1039 823 1108 et
843 1035 1056 1109 conventus
1073 1027 1276 1136 Lupeensr'r
1289 1020 1351 1134 (ἶ),
1371 1022 1643 1142 Hardegonum
1664 1041 1700 1110 et
1721 1057 1909 1144 sequaces
1931 1059 2024 1116 suos

402 1143 671 1246 Theutonicos‚
709 1141 851 1258 quibus
873 1141 959 1258 dictj
989 1140 1123 1227 Abbas
1153 1154 1190 1226 et
1219 1156 1425 1228 conventus
1453 1148 1630 1255 Ponproz
1659 1173 1744 1228 cum
1774 1145 2026 1264 quadraginta

401 1262 541 1349 mansis
557 1259 882 1364 traneonieatbus,
904 1261 982 1344 iure
996 1257 1210 1346 theutonico
1231 1258 1495 1376 perpetualiter
1509 1259 1764 1377 possidendos
1781 1264 2025 1368 contulerunt,
2111 1353 2117 1363 x

401 1380 475 1466 sub
488 1391 618 1466 nostra
634 1378 867 1495 protectione
882 1407 928 1463 ac
939 1376 1160 1463 defensione
1175 1376 1257 1487 (sio)
1274 1377 1506 1464 inhonorem
1521 1378 1582 1463 dei
1597 1381 1841 1495 suscepimus,
1858 1380 2026 1468 libertate

402 1497 644 1601 donavimus3
674 1497 741 1598 ita,
772 1493 873 1610 quod
907 1497 988 1582 sine
1017 1495 1192 1581 theloneo
1222 1493 1373 1580 valeant
1400 1497 1495 1582 {ines
1526 1511 1623 1582 terre
1653 1509 1782 1584 nostre
1802 1527 2024 1616 peragrare

400 1617 481 1703 sine
516 1615 614 1699 omni
650 1613 846 1700 exactione
871 1613 968 1728 juris
1002 1612 1235 1730 pollonioalis
1267 1611 1471 1719 sedebunt3
1512 1642 1658 1698 mecum
1693 1629 1818 1700 tamen
1852 1616 1956 1701 ibunt
1984 1617 2022 1700 in

400 1731 683 1850 expedicionem
722 1729 771 1814 ad
812 1725 911 1816 terre
952 1760 1035 1816 mee
1071 1729 1349 1844 detensionem3
1390 1729 1558 1817 decimas
1593 1759 1684 1818 suas
1720 1745 1844 1817 tamen
1877 1732 2025 1819 solvent

400 1849 630 1936 monasterio
661 1847 889 1963 supradicto,
925 1845 1059 1934 Nullus
1090 1848 1171 1933 sine
1201 1848 1324 1965 sigilio
1355 1861 1487 1934 nostro
1518 1878 1586 1936 eos
1606 1864 1809 1965 provocet,
1845 1879 1922 1937 non
1943 1849 1956 1961 (
1979 1849 2025 1960 ⁸)

400 1983 486 2053 ante
506 1965 681 2070 iudicem,
702 1967 771 2052 nisi
793 1963 876 2076 (sio)
898 1980 983 2052 ante
1004 1964 1223 2080 meipsum,
1249 1964 1318 2050 sed
1339 1965 1492 2053 libertas
1514 1967 1728 2053 omnimoda
1748 1967 1784 2052 in
1805 1981 2025 2084 perpetuum

400 2085 456 2172 eis
476 2099 557 2188 rata
577 2084 779 2188 consistat,
810 2096 941 2169 nostro
963 2085 1187 2200 consignata
1213 2082 1336 2199 sigilio
1356 2111 1379 2166 a
1400 2083 1500 2169 nullo
1523 2113 1790 2172 successorum
1811 2098 2025 2170 nostrorum

400 2199 587 2288 violanda
633 2201 769 2286 Actum
790 2229 889 2286 anno
912 2199 1097 2286 dominice
1123 2199 1398 2286 incarnacionis
1419 2197 1613 2288 millesimo
1634 2202 1892 2289 ducentesimo
1914 2203 2023 2288 trice·
2076 2269 2078 2273 .

400 2319 494 2404 simo
515 2319 634 2404 tertio.
666 2316 828 2402 Utantur
847 2331 971 2404 autem
992 2316 1197 2434 supradictj
1214 2317 1300 2430 jure
1324 2315 1561 2402 Culminensi.

448 2647 452 2658 ¹
500 2564 539 2648 (²)
567 2561 635 2630 vit
648 2562 687 2630 ad
705 2562 892 2649 privilegium
907 2563 977 2629 enni
994 2563 1075 2630 1153
1090 2562 1230 2648 superius
1245 2564 1301 2632 Nm
1313 2564 1343 2628 11
1359 2561 1552 2648 descriptum,
1567 2563 1796 2630 annotationem
1811 2562 1984 2632 secundam.

1143 2877 1279 2993 XXV.
1408 3024 1411 3032 ¹

567 3151 698 3236 Sine
724 3152 866 3247 loco,
894 3169 1049 3234 ammo
1075 3144 1243 3232 1234.
1271 3117 1364 3231 die
1389 3132 1485 3274 23
1510 3167 1680 3232 meme.
1706 3151 1861 3254 Muti.

418 3295 576 3425 Μαι
589 3352 858 3445 memepircopur,
874 3351 1071 3425 demtionem
1086 3349 1272 3423 tectnrmm
1286 3368 1306 3420 e
1319 3348 1479 3422 roomo
1493 3349 1737 3441 praedecessore
1751 3367 1809 3421 suo
1825 3350 1856 3422 iu
1871 3350 2005 3442 quatem

458 3453 609 3526 territorii
622 3453 787 3526 bartensis
801 3455 892 3545 parte
907 3452 1059 3524 coenobio
1073 3450 1513 3640 ιᾚηιιιίῐῐίτιῗὶεΙιήοηείι
1528 3450 1714 3523 decreram
1728 3467 1963 3541 concessorum,

498 3773 584 3863 Nos
618 3773 742 3862 Fullro
778 3775 839 3860 dei
873 3775 1005 3893 gracia
1042 3775 1278 3862 Gneznensis
1314 3773 1475 3864 ecclesie
1510 3775 1831 3892 Archiepiscopus
1866 3801 2025 3891 presens

399 3897 576 4012 scriptum
602 3895 827 4010 inspecturis
848 3895 1004 3980 salutem
1041 3896 1076 3980 in
1113 3893 1265 3978 domino
1287 3895 1560 4010 sempiternam.
1616 3893 1802 3978 Universa
1833 3892 1931 3978 iacta
1952 3921 2026 4008 que

398 4013 592 4100 sanctione
613 4011 890 4097 racionabilium
915 4013 1079 4100 virorum
1111 4011 1338 4117 ordinantur,
1371 4013 1481 4096 immo
1512 4013 1596 4126 ipsa
1626 4009 1852 4094 decernente
1872 4010 2026 4094 racione

399 4129 568 4218 ordinata
590 4128 824 4229 roborantur,
856 4159 879 4214 a
910 4129 1074 4246 posteris
1106 4159 1181 4214 non
1212 4143 1350 4214 tantum
1382 4141 1468 4214 sunt
1498 4127 1648 4212 firmiter
1674 4125 1937 4232 observanda,
1969 4142 2028 4213 set

329 4259 340 4282 '
402 4249 513 4334 etiam
533 4246 728 4333 autenticis
758 4248 837 4334 suis
862 4247 966 4362 juste
996 4245 1045 4331 ad
1078 4245 1150 4332 hec
1179 4245 1377 4362 postulatis
1402 4242 1736 4331 aiiructuosissime
1757 4242 2026 4349 confirmanda

499 4493 541 4578 (Ι)
570 4495 617 4560 Ex
643 4493 806 4580 archetypo
832 4495 1083 4572 membranaceo,
1111 4493 1196 4578 quod
1218 4493 1248 4558 in
1271 4489 1393 4557 archivo
1421 4491 1640 4560 Pornanicosie
1671 4494 1842 4579 provinciae
1869 4489 2024 4639 priritegia

399 4579 588 4644 sublatorum
603 4579 821 4645 coenobiorum
838 4579 1011 4644 continente
1027 4586 1205 4655 asservatur,
1228 4576 1388 4662 descripsit
1402 4575 1524 4643 doctiss.
1540 4577 1762 4662 Stronozydstri.
1795 4573 1867 4658 Sigit
1881 4576 1889 4638 i
1905 4575 2027 4662 abrupti

399 4661 547 4730 funiculus
561 4663 630 4730 ilari
645 4671 678 4728 et
691 4664 776 4730 rubei
792 4663 903 4728 coloris
916 4672 1055 4747 superest
1076 4663 1198 4729 sericus.
1209 4662 1309 4727 -De
1332 4661 1498 4728 donatione
1519 4662 1675 4747 eujusdam
1697 4660 1842 4725 territorii
1865 4659 2026 4726 Nutrieosir

400 4746 609 4830 portiunculae
623 4749 773 4814 coenobio
795 4749 967 4813 Lubucensi
982 4769 1000 4813 a
1014 4750 1100 4814 Duce
1114 4745 1268 4811 vindicino
1284 4745 1346 4812 ulio
1361 4745 1487 4812 Ottonie
1500 4747 1594 4822 facte,
1616 4745 1684 4811 ride
1700 4744 1731 4808 in
1745 4743 1920 4829 Bitscbingii
1936 4744 2025 4822 libro,

399 4829 451 4915 qui
464 4831 653 4911 „Urlcundca
667 4833 717 4900 dcc
730 4831 865 4899 Klocterc
878 4832 1018 4899 tatur
1033 4831 1215 4913 inscribitur,
1229 4831 1366 4898 tabulam
1380 4831 1492 4899 ibidem
1507 4831 1562 4900 ΝΜ
1576 4829 1678 4896 XLIX
1692 4827 1864 4896 exhibitam.
