4800 5942
1110 724 1384 799 -367-

427 944 464 1018 et
497 925 636 1015 Incolis
669 927 870 1013 Terrarum
901 925 1197 1045 Magniducatus
1224 928 1342 1014 nostri
1376 925 1590 1026 Lithvanie,
1627 928 1895 1040 cuiuscumque
1926 940 2057 1033 status,

426 1044 734 1157 condicionisque
755 1045 934 1150 existant,
953 1045 1089 1132 'omnia
1109 1045 1276 1162 ipsorum
1290 1046 1378 1162 jura
1400 1061 1438 1133 et
1457 1045 1673 1164 privilegia,
1694 1061 1768 1132 tam
1790 1045 2058 1152 ecclesiastice,

425 1191 537 1278 quam
559 1162 756 1268 secularia,
777 1186 851 1274 que
871 1193 894 1251 a
916 1162 1003 1249 dive
1024 1165 1203 1251 memorie
1222 1163 1398 1283 Regibus
1420 1177 1457 1250 et
1475 1162 1630 1284 Magnis
1649 1163 1828 1268 Ducibus,
1850 1178 1886 1252 et
1900 1163 1949 1252 ab
1971 1164 2058 1251 olim

424 1284 596 1404 genitore
612 1296 742 1370 nostro
758 1275 963 1386 Kazimiro,
981 1294 1017 1370 et
1032 1283 1145 1370 fratre
1161 1297 1292 1370 nostro
1307 1281 1536 1388 Alexandro,
1552 1281 1890 1399 predecessoribus
1905 1283 2058 1387 nostris,

426 1429 540 1516 super
560 1399 857 1512 quibuscumque
877 1399 987 1489 bonis
1009 1415 1045 1488 et
1065 1399 1294 1487 libertatibus
1314 1401 1455 1488 babere
1476 1399 1720 1488 dinoscuntur
1741 1413 1778 1487 et
1798 1400 1954 1504 babent,
1985 1399 2057 1488 sub

425 1518 721 1632 quibuscumque
743 1516 840 1605 datis
862 1532 900 1604 et
920 1518 1176 1606 caracteribus
1197 1516 1319 1607 latinis
1340 1534 1377 1606 et
1395 1517 1583 1627 ruthenis,
1614 1519 1652 1606 in
1672 1520 1747 1608 vita
1769 1515 1954 1635 ipsorum,
1985 1512 2056 1604 do-

371 1739 375 1748 ·
424 1637 607 1725 naciones
629 1651 666 1722 et
681 1636 870 1724 libertates
891 1637 928 1724 in
944 1668 987 1724 se
1004 1637 1238 1724 continentes
1254 1637 1348 1750 (sic),
1370 1639 1476 1742 iuste,
1498 1636 1593 1725 licite
1609 1652 1647 1724 et
1661 1637 1851 1756 legittime,
1872 1649 2057 1739 emanata,

366 1832 378 1846 ,
425 1752 513 1843 data
535 1767 572 1840 et
592 1783 795 1842 concessa:
824 1781 897 1868 que
917 1753 1074 1873 perinde
1094 1785 1182 1843 esse
1202 1785 1250 1842 ao
1269 1754 1397 1843 valere
1417 1753 1609 1860 volumem,
1642 1769 1818 1867 tanquam
1838 1753 1894 1840 his
1915 1751 2056 1840 nostris

424 1871 473 1959 de
504 1871 622 1972 verb'o
653 1871 889 1961 adverbum
921 1875 1059 1962 inserta
1090 1887 1220 1961 essent
1250 1873 1384 1963 literis:
1421 1901 1469 1960 ac
1489 1873 1667 1965 articulos
1689 1873 1862 1991 superius
1883 1871 2056 1976 insertos,

425 2016 522 2103 quos
556 1991 593 2078 in
622 1991 741 2079 verbo
773 2005 904 2079 nostro
936 1990 1079 2097 ducali,
1115 2007 1153 2078 et
1182 1991 1253 2080 sub
1284 1993 1490 2078 iuramento
1521 1989 1711 2109 corporali
1740 1988 1791 2076 ad
1822 2004 1955 2078 sancta
1984 1986 2057 2073 Dei

425 2108 639 2228 ewangelio
658 2110 825 2227 prestito,
842 2123 970 2197 tenere
986 2126 1024 2198 et
1039 2109 1246 2199 observare
1261 2110 1520 2228 promissimus
1531 2111 1625 2222 (sic),
1640 2125 1752 2226 prout
1766 2121 1805 2197 et
1818 2105 2057 2226 presentibus

423 2228 670 2346 promittimus
701 2257 749 2315 ac
769 2227 1021 2345 spondemus:
1056 2229 1093 2315 in
1114 2228 1287 2316 omnibus
1306 2256 1436 2316 eorum
1457 2228 1622 2344 punctis,
1659 2226 1855 2333 clausulis,
1889 2224 2058 2360 posicio-

424 2345 551 2451 nibus,
573 2375 619 2432 ca
648 2346 762 2451 itulis,
783 2344 1068 2435 condicionibus
1089 2359 1127 2433 et
1146 2344 1321 2454 articulis,
1343 2345 1391 2433 de
1412 2347 1556 2466 gracie,
1576 2346 1720 2452 virtute,
1742 2360 1779 2432 et
1799 2341 2057 2432 munificencia

392 2535 394 2542 ,
423 2377 774 2569 nostris‚-tlmimus
791 2462 1105 2571 confirmandum,
1126 2461 1413 2580 approbandum
1435 2478 1472 2549 et
1491 2462 1765 2569 roborandum3
1786 2476 1898 2578 prout
1917 2455 2057 2548 confir-

423 2611 590 2685 mamus,
610 2582 877 2701 approbamus,
899 2596 937 2667 et
956 2593 1152 2700 presentes
1174 2581 1256 2694 (sic)
1277 2595 1460 2699 perpetuo
1482 2581 1690 2698 patrocinio
1711 2579 1956 2669 roboremus:
1989 2574 2057 2663 de·

424 2714 623 2788 cernentes
654 2729 702 2786 ea
732 2714 770 2786 et
790 2729 880 2808 eos,
910 2701 1027 2788 robur
1057 2698 1198 2787 habere
1228 2713 1410 2816 perpetue
1436 2698 1636 2803 firmitatis,
1667 2714 1800 2786 tenore
1820 2694 2058 2814 presencium

423 2815 629 2924 mediante,
650 2819 687 2904 in
708 2847 844 2905 ewum.
894 2816 938 2904 ln
959 2817 1065 2904 cuius
1085 2817 1141 2905 rei
1161 2818 1430 2925 testimonium,
1451 2815 1612 2937 sigillum
1632 2830 1800 2906 nostrum
1821 2811 2059 2932 presentibus

424 2947 483 3021 est
513 2934 805 3052 subappensum.
866 2935 1004 3023 Actum
1035 2950 1073 3023 et
1100 2934 1226 3023 datum
1256 2936 1293 3022 in
1328 2940 1504 3038 Grodno,
1539 2935 1633 3023 leria
1663 2932 1833 3022 secunda
1864 2934 1900 3019 in
1930 2931 2058 3050 vigilia

425 3051 704 3169 Concepcionis
733 3052 855 3139 Beate
876 3051 1043 3171 Virginis
1062 3051 1197 3140 illaria.
1247 3051 1359 3139 Anno
1381 3052 1519 3140 domini
1539 3051 1732 3140 millesimo
1755 3049 2056 3171 quingentesimo

423 3183 543 3257 sexto.
600 3169 847 3258 Presentibus
867 3169 1004 3256 ibidem
1034 3168 1265 3258 Reverendo
1286 3183 1414 3288 patre,
1445 3187 1482 3260 et
1510 3168 1747 3289 Magnifiois,
1781 3167 1988 3256 Generosis
2008 3195 2057 3254 ac

421 3283 638 3376 Nobilibus:
661 3285 837 3375 -Alberto
876 3286 1072 3406 Episcopo
1111 3285 1303 3394 Vilnensi,
1344 3286 1505 3377 Nicolao
1544 3286 1841 3404 Radziuilovyoz
1883 3284 2056 3372 Palatino

423 3404 651 3511 Troezensi,
689 3405 799 3492 Duce
829 3405 1048 3493 Alexandro
1078 3405 1266 3496 Jurievicz
1304 3405 1521 3494 Castellano
1553 3405 1741 3509 Vilnensi,
1775 3404 1949 3491 «Iohanne
1980 3400 2055 3488 Za-

423 3524 645 3639 brzesinsky
673 3521 869 3613 Marsalco
898 3522 1033 3642 Magni
1062 3521 1236 3612 Ducatus
1267 3526 1385 3611 nostri
1415 3522 1608 3610 Lithvanie
1638 3522 1828 3639 generali,
1865 3519 2056 3609 Stenislao

421 3640 620 3728 lanowicz
643 3640 860 3729 Castellano
879 3641 1106 3747 Troezensi,
1129 3658 1166 3730 et
1185 3642 1392 3759 Capitoneo
1413 3641 1533 3729 Terre
1553 3638 1804 3759 Samagitbie,
1823 3639 1915 3726 lvan
1936 3636 2055 3724 Lwo·

421 3758 525 3864 vica,
561 3758 671 3846 Duce
700 3757 848 3877 Hlinslrj
879 3758 1053 3849 Palatino
1084 3759 1312 3877 Kijoviensi,
1353 3756 1544 3847 Stanislao
1574 3755 1757 3847 lanovicz
1788 3754 2054 3873 Zabrzesinskj

421 3874 624 3966 Tenutario
645 3879 682 3964 in
702 3883 870 3980 Mereez,
903 3875 1060 3967 Alberto
1082 3876 1379 3966 Narbuthowicz
1399 3877 1602 3966 Tenutario
1623 3878 1660 3964 in
1679 3882 1849 3978 lomoni,
1871 3891 1908 3964 et
1929 3875 2053 3962 Geor·

310 3999 315 4008 “
421 3993 488 4113 gio
510 3994 667 4113 Gilijnoz
683 3992 739 4110 (2)
760 3995 962 4084 Marsalcis
983 3997 1139 4103 nostris,
1169 4026 1218 4084 ac
1238 3997 1320 4114 alijs
1342 4027 1454 4116 quam
1474 3994 1893 4113 plurimisssonsiliarijs
1913 3991 2053 4081 nostris
2112 3989 2166 4056 ··””’

421 4111 571 4198 sincere
591 4127 630 4200 et
647 4113 820 4202 fidelibus
833 4112 1003 4221 dilectis,
1025 4115 1181 4203 testibus
1202 4117 1303 4202 circa
1324 4116 1521 4231 premissa.
1563 4108 1641 4198 Per·
1661 4140 1793 4199 manus
1813 4109 2052 4200 Venerabilis

421 4223 570 4316 Nicolai
590 4228 640 4316 de
668 4235 820 4317 Zotovo
850 4229 1039 4350 Propositi
1071 4231 1317 4337 Srzedensis‚
1349 4248 1387 4319 et
1406 4229 1587 4318 Canonici
1607 4228 1817 4338 Vilnensis,
1849 4228 2050 4344 Secretarij
2201 4273 2204 4277 ·

367 4447 370 4452 ,
420 4347 551 4454 nostri,
572 4347 635 4464 qui
654 4348 854 4465 presencia
874 4375 898 4434 a
918 4347 1027 4436 nobis
1047 4347 1174 4436 babuit
1194 4349 1230 4435 in
1253 4349 1482 4437 commissis..

523 4546 565 4630 (π)
593 4511 710 4613 nonu
723 4545 834 4614 trinio.

1044 4829 1148 4912 tttts
1171 4831 1271 4914 tunt
1295 4831 1452 4914 rum„
