4800 5942
981 765 1153 838 -att
1210 806 1254 820 -

197 951 201 960 ’
302 966 457 1060 litaniam
489 963 805 1068 accenderem,
841 961 891 1052 ed
922 963 1106 1084 quaslibet
1139 977 1262 1054 terras
1292 979 1465 1053 exteras:
1497 965 1667 1080 pertibus
1702 967 1931 1064 mirricnnmr
1970 1065 1972 1076 ‚

299 1097 517 1178 nostrorum
558 1081 739 1172 duntaxat
778 1083 966 1200 exceptis:
1006 1083 1062 1174 lte
1099 1097 1242 1186 temen,
1283 1078 1385 1192 quod
1420 1080 1468 1170 de
1504 1083 1612 1174 bouis
1646 1086 1835 1200 ipsnrwu,
1875 1086 1933 1177 sie

298 1199 538 1303 excundum,
569 1200 732 1290 servicia
762 1215 891 1290 nostre
919 1227 998 1290 non
1018 1199 1275 1317 negligantur:
1306 1198 1376 1288 sed
1399 1199 1526 1304 nobis,
1557 1212 1622 1287 ant
1641 1202 1939 1306 smeessoribus,

297 1317 458 1417 nesso,
480 1330 655 1426 braquam
677 1317 769 1434 ipsis
786 1315 1047 1434 presentibus,
1068 1320 1214 1408 tociens
1234 1318 1414 1428 quociens
1435 1317 1543 1407 luerit
1561 1333 1809 1435 merbrum.
1841 1349 1932 1436 sup·
1978 1429 1980 1436 Ι

296 1435 489 1638 plasmor,
526 1434 772 1527 exhibeantur
805 1451 844 1524 et
874 1435 1135 1556 miqistrentur.
1190 1435 1282 1524 ltam
1317 1437 1450 1552 prelati
1484 1435 1702 1553 Principes,
1743 1434 1932 1542 Baream,

337 1551 456 1640 ubiles
475 1565 515 1637 et
534 1551 668 1655 Ciues,
686 1551 788 1654 bone
809 1579 938 1644 eorum
960 1553 1249 1670 patrimonialia,
1271 1583 1339 1640 seu
1360 1553 1450 1668 ipsis
1471 1552 1579 1657 data,
1601 1555 1682 1646 sive
1702 1550 1841 1640 donata
1864 1581 1933 1669 per

296 1668 510 1785 preclarum
530 1667 745 1785 Principem
760 1669 950 1760 dominum
971 1669 1240 1760 Allexendrum
1262 1671 1355 1758 alias
1376 1669 1607 1778 Vitnwdum,
1626 1687 1666 1764 at
1686 1670 1773 1759 dive
1793 1697 1933 1763 memo·

297 1787 354 1882 rie
370 1815 423 1882 oc
442 1782 663 1880 demetens
684 1817 752 1904 per
771 1787 954 1879 illustrem
975 1785 1163 1877 dominum
1183 1787 1466 1907 Sigismundum
1482 1802 1553 1876 etc.
1570 1788 1732 1882 donatus
1748 1801 1786 1874 et
1799 1789 1932 1891 ferme,

300 1928 396 2020 ques
417 1916 599 2008 tenentes,
621 1905 813 2010 habentos,
832 1935 882 1994 ae
902 1904 1152 2022 possidentes,
1171 1905 1222 1992 de
1238 1935 1367 1992 earum
1384 1905 1634 1998 donacionem
1652 1907 1858 2042 privilegiis
1873 1903 1933 2000 vel

327 2021 500 2138 rivilegio
518 2020 698 2139 legitt'mn
720 2037 757 2109 et
776 2021 971 2112 sullicienti
991 2053 1039 2110 ac
1060 2052 1233 2142 congruo
1254 2025 1464 2128 testimonio
1483 2026 1642 2128 testium,
1660 2024 1718 2111 vel
1733 2026 1933 2112 munumina

298 2049 487 2236 boream
571 2153 694 2228 terunt
723 2141 887 2258 probare
917 2153 955 2228 et
976 2139 1135 2230 docere:
1166 2142 1248 2257 pari
1267 2142 1350 2231 inre
1370 2141 1578 2246 obtineant,
1609 2144 1707 2232 sicut
1726 2140 1933 2258 Principes

172 2367 178 2374 ι
299 2168 668 2360 nefrundines
689 2274 726 2345 et
749 2255 880 2362 Cives,
908 2259 1005 2348 sieut
1025 2259 1060 2348 in
1081 2257 1225 2375 Regno
1244 2258 1414 2362 Polonie,
1435 2288 1505 2346 sua
1525 2275 1732 2348 nuscuntur
1747 2257 1933 2367 obtinere,

299 2385 339 2466 a
353 2373 507 2463 lberam
523 2373 688 2468 habeant
703 2375 914 2467 facultatem
934 2377 1017 2492 ipse
1033 2373 1232 2478 vendendi,
1255 2375 1516 2476 commutandi,
1537 2375 1733 2478 alienandi,
1755 2374 1932 2482 donandi,

300 2491 394 2588 etin
416 2521 509 2585 usus
529 2519 621 2580 suos
643 2492 902 2611 beneplacitas
924 2491 1182 2607 convertendj.
1221 2491 1288 2578 Sic
1309 2507 1443 2595 tamen,
1464 2491 1567 2602 quod
1589 2521 1634 2579 ee
1656 2491 1933 2597 commutando,

299 2607 513 2711 vendende,
533 2607 743 2712 alienando,
770 2609 830 2696 vel
851 2605 1042 2712 donando,
1074 2637 1203 2695 coram
1226 2607 1334 2694 nobis
1355 2622 1419 2693 aut
1439 2608 1579 2697 nostris
1598 2607 1821 2694 officialibus
1840 2611 1934 2698 resi-

205 2756 212 2770 ·
297 2724 482 2842 gnabubt.
535 2725 625 2815 ltem
648 2739 912 2841 postmortem
933 2738 1092 2842 patrum,
1113 2724 1218 2810 liberi
1239 2722 1396 2812 masculi
1417 2738 1453 2811 et
1474 2723 1934 2838 lemellebonispaternis
1997 2751 2001 2772 ⁸

297 2840 536 2957 bereditarijs
563 2843 703 2958 privari
723 2871 799 2928 nnn
819 2838 977 2945 debent,
1009 2840 1078 2932 sed
1099 2869 1145 2928 ee
1167 2870 1252 2929 oum
1274 2870 1405 2929 eorum
1424 2839 1714 2929 successoribus
1734 2840 1933 3042 legittimis,
2030 2839 2034 2846 ’

299 2959 415 3076 pleno
431 2959 512 3044 iure
527 2957 785 3073 possidebunt,
806 2972 917 3072 prout
933 2957 1147 3073 Principes,
1164 2955 1343 3046 Berones
1364 2969 1401 3044 et
1422 2957 1545 3063 Cives,
1564 2957 1601 3045 in
1617 2956 1759 3075 Regno
1811 2957 1935 3053 olorda

300 3104 371 3164 sue
389 3073 608 3191 possident,
639 3085 677 3160 et
708 3074 746 3160 in
774 3103 867 3160 usus
893 3073 1151 3188 beneplacitos
1181 3087 1415 3164 convaleat.
1471 3072 1561 3162 Item
1593 3073 1744 3182 quando
1771 3073 1936 3183 aliquem¹

297 3190 527 3307 Principum,
546 3188 754 3294 Beronum,
775 3185 972 3292 Nobilium,
994 3206 1031 3278 et
1048 3189 1192 3276 Civium
1208 3190 1474 3307 predictorum,
1495 3221 1542 3280 ex
1556 3189 1630 3278 bac
1645 3188 1729 3276 luce
1745 3188 1934 3284 decedere

297 3307 513 3427 continget,
545 3321 683 3397 extunc
712 3305 863 3397 viduam
894 3307 929 3392 in
954 3307 1064 3398 bonis
1094 3323 1163 3394 sou
1193 3307 1500 3424 possessionibus
1527 3307 1648 3395 mariti
1675 3307 1733 3394 sui
1759 3304 1932 3400 volumus

297 3427 510 3536 relinquere
534 3455 602 3516 seu
622 3454 841 3530 remanere,
872 3424 1048 3536 quamdiu
1080 3427 1117 3512 in
1147 3425 1240 3512 sede
1270 3426 1517 3542 permanserit
1547 3423 1703 3512 viduali:
1734 3449 1808 3536 que
1829 3428 1862 3510 si
1881 3423 1931 3515 ad

298 3542 492 3646 secundas
513 3545 671 3658 nupcias
691 3544 849 3633 transire
870 3542 1044 3644 voluerit,
1076 3543 1159 3659 ipsa
1180 3545 1323 3645 marito,
1354 3568 1463 3653 quem
1485 3540 1626 3636 ducere
1647 3541 1825 3658 elegerit,
1856 3556 1931 3628 tre·

299 3659 421 3765 datan
442 3662 568 3774 pueris
589 3673 713 3752 umen
734 3662 772 3746 in
793 3661 902 3746 botris
924 3675 962 3746 et
976 3659 1283 3776 possessionibus
1325 3659 1475 3765 eternis,
1498 3661 1529 3749 si
1550 3660 1694 3756 luerint:
1715 3659 1774 3746 sin
1794 3671 1932 3762 autem,

298 3777 629 3895 propinquioribus
665 3777 834 3873 eiusdem
865 3778 984 3866 mariti
1015 3779 1170 3894 prioris,
1206 3691 1412 3864 dereiictis:
1449 3793 1560 3894 prout
1595 3793 1630 3864 et
1663 3790 1789 3864 cetere
1819 3774 1932 3862 mdue

298 3897 530 4013 maritantur.
577 3895 618 3982 Si
639 3923 731 3982 uero
752 3897 856 4014 prior
876 3897 1051 4002 meritus,
1082 3896 1118 3981 in
1139 3895 1292 4012 prelatis
1319 3895 1429 3984 boob
1455 3910 1492 3982 et
1512 3893 1821 4012 possessionibus
1842 3893 1931 4000 suis,

298 4013 450 4123 aliquod
469 4012 594 4103 eidem
614 4014 811 4104 uxorisne
832 4012 1045 4105 dotalicium
1059 4013 1324 4132 assignaverit,
1345 4026 1383 4102 et
1398 4012 1447 4098 de
1463 4041 1510 4100 eo
1526 4011 1753 4100 sufficienter
1767 4009 1933 4125 probare

328 4129 535 4230 eteritillo
557 4131 763 4228 secemdum
783 4131 954 4218 ordinem
969 4134 1067 4247 juris
1088 4147 1253 4248 recepto,
1273 4133 1333 4218 cui
1354 4130 1531 4230 voluerit,
1563 4128 1678 4218 nubat
1698 4129 1733 4217 in
1755 4127 1931 4219 duminio.

298 4159 393 4346 ilem
409 4259 523 4370 ‚neme
541 4261 582 4342 et
598 4259 870 4363 aegrotasse
890 4250 1195 4366 consanguineas
1216 4250 1391 4362 ipsarum,
1412 4245 1576 4361 virgines
1597 4259 1635 4329 et
1650 4243 1795 4349 viduas,
1814 4244 1931 4337 libero

255 4423 260 4432 ·
300 4375 462 4481 possunt
491 4362 640 4452 tradere
669 4364 831 4467 maritis,
865 4363 975 4453 nobis
1005 4377 1043 4448 et
1069 4365 1208 4451 nostris
1239 4361 1528 4454 successoribus
1556 4390 1671 4477 super
1691 4361 1766 4449 hnc
1782 4363 1931 4450 minime

299 4481 508 4592 requisitis:
540 4482 647 4569 ritum
673 4492 802 4569 temen
830 4480 1056 4574 catholicum
1088 4482 1124 4568 in
1154 4479 1293 4575 talibus.
1320 4478 1577 4571 observantes.
1609 4477 1719 4569 'Item
1741 4507 1873 4566 omnes
1894 4493 1932 4565 et

301 4596 439 4715 singuli
460 4597 681 4686 kmetbcnes
702 4613 739 4684 et
759 4597 895 4685 subditi
916 4597 1142 4714 Principum,
1173 4597 1378 4700 Beronum,
1400 4594 1601 4700 Nobilium,
1621 4581 1931 4712 Bnyerorum,‘et

303 4708 447 4801 Civium
480 4715 645 4831 ipserum
676 4731 857 4802 terrerum
888 4713 1020 4834 Magni
1052 4715 1221 4801 Bucatus
1252 4711 1466 4820 Litbvanie,
1503 4712 1551 4799 eb
1582 4715 1681 4799 omni
1711 4711 1873 4800 dacione
1893 4727 1932 4799 et

290 4831 498 4922 ‘solucione
519 4829 676 4920 collecte
696 4832 776 4920 sive
798 4835 1004 4923 exactionis
1024 4837 1281 4946 Sreosczpzao
1302 4830 1418 4940 dicte,
1439 4843 1552 4944 atque
1567 4859 1837 4938 mensurarum,
1857 4853 1930 4943 que

1721 4961 1770 5017 44.
