4778 5952
1005 751 1372 834 ...m—

1140 1059 1335 1214 ouri.
1487 1041 1489 1045 ·
1633 1155 1636 1163 ,

339 1359 341 1362 ·
427 1407 431 1418 .
472 1345 562 1424 ,1η
581 1338 730 1424 mitta
755 1335 1025 1438 ummo
1052 1329 1208 1417 anno
1234 1328 1386 1416 1394
1411 1331 1463 1414 d.
1481 1331 1530 1416 4
1547 1336 1631 1416 ἰιι-
1652 1332 1973 1441 nomm
1989 1385 1997 1414 Ν.

416 1543 674 1618 Abraham
688 1537 931 1613 dotus'trootn
943 1534 1101 1616 turbuno
1114 1533 1289 1619 lucum.
1311 1533 1522 1608 viduum
1537 1533 1728 1610 Soranum)
1741 1533 1893 1626 legino
1907 1532 2051 1609 ductu!

370 1695 376 1703 .
600 1650 622 1708 ·.
686 1641 799 1714 torreo
813 1634 1608 1729 monochromaton-menno
1621 1634 1795 1720 molitu).
1852 1697 1857 1712 .

459 1909 461 1917 ¹
484 1925 486 1932 ν
518 1867 717 1956 Universis
739 1880 775 1952 ot
795 1865 953 1983 siugulis
967 1878 1041 1950 tam
1057 1859 1294 1979 presentibus
1310 1887 1422 1976 quatu
1437 1861 1580 1962 sutorio,
1602 1861 1736 1978 quibus
1752 1859 1903 1978 expedit
1916 1870 2050 1949 tenore
2157 1921 2161 1930 -

442 1989 655 2078 resaucium
675 1984 824 2103 publice
845 1983 1071 2099 profitemur.
1124 1977 1240 2092 Quod
1263 2007 1332 2064 nos
1353 1974 1545 2064 Abrabam
1567 1977 1881 2082 dictusSuooba,
1910 1982 2050 2067 nostris

344 2166 347 2174 ·
416 2023 612 2228 legitimis·
627 2134 710 2189 cum
732 2100 934 2189 herodibus
955 2099 1147 2217 utriusque
1167 2125 1294 2201 sexus,
1322 2093 1517 2183 Palatinus
1538 2095 1794 2184 lllauouiensis
1814 2123 1862 2184 ao
1882 2096 2050 2185 denotor

417 2221 755 2324 CruscbwioansiS,
770 2220 870 2306 bona
884 2217 1085 2323 voluntate,
1103 2213 1455 2332 deliberacioncque
1468 2213 1674 2331 prehabito,
1691 2243 1740 2299 ao
1752 2213 1869 2301 adiuti
1885 2217 2049 2333 oonsilijs

416 2341 630 2432 nostrorum
651 2339 879 2442 amicorum,
902 2335 1032 2422 *villam
1054 2347 1221 2422 nostram
1249 2337 1494 2417 Sorzecreuo
1516 2330 1669 2435 dictam,
1699 2334 1808 2419 sitam
1828 2346 1866 2420 et
1885 2331 2048 2421 locatam

415 2465 452 2552 in
474 2461 595 2547 Terra
613 2456 854 2557 Dobrinensi,
875 2481 959 2550 cum
981 2452 1152 2537 omnibus
1168 2450 1331 2566 juribus,
1355 2449 1528 2565 dominijs
1549 2465 1587 2536 ot
1606 2450 1844 2568 pertinenoijs
1863 2453 2049 2543 uniuersis

416 2578 466 2666 ud
499 2575 658 2660 eandem
688 2573 831 2674 villam,
864 2573 900 2655 in
920 2584 1022 2655 terro
1044 2585 1081 2654 et
1100 2597 1201 2684 aqua
1226 2565 1525 2684 quomodolibet,
1556 2582 1597 2651 ut
1617 2583 1723 2686 pota:
1756 2570 1863 2685 agris
1884 2571 1992 2656 cultis
2013 2587 2051 2657 et

414 2693 581 2791 incultiS,
612 2691 748 2810 pratis,
770 2688 883 2790 sibris,
899 2686 1064 2788 mericiS,
1084 2685 1236 2790 rubetis,
1257 2682 1467 2800 paludibus,
1488 2685 1652 2801 piscinis
1672 2683 1905 2788 molendinis,
1925 2689 2047 2803 aquis,

415 2835 597 2927 aquarum
618 2805 857 2909 decursibus,
890 2833 975 2889 cum
998 2801 1119 2888 Wisla
1141 2803 1265 2905 lluuio,
1286 2816 1325 2888 et
1345 2803 1473 2889 insulis
1494 2801 1542 2886 ad
1564 2801 1768 2918 prodictam
1789 2801 1913 2887 villam
1934 2819 2047 2918 pertr-
2079 2867 2089 2878 -

415 2926 610 3027 nantibus,
641 2923 838 3026 censibus,
869 2922 1068 3026 fructibuS,
1099 2922 1330 3023 utilitatibus
1361 2919 1566 3027 redditibus
1586 2933 1623 3005 et
1643 2918 1956 3025 obuenoionibus,
1985 2922 2049 3040 qui

415 3043 504 3135 sunt
524 3058 562 3130 ct
582 3043 799 3132 inlaturum
820 3069 1045 3127 accrescere
1065 3052 1244 3155 possunt,
1278 3039 1389 3128 veluti
1411 3038 1447 3124 in
1468 3039 1547 3124 suis
1569 3039 1675 3123 metis
1696 3039 1806 3124 certis
1828 3037 1991 3156 gadibus
2013 3018 2050 3126 el
2133 3129 2136 3137 Δ

415 3161 525 3252 terrio
546 3163 594 3247 ab
615 3163 768 3278 antiquo
790 3157 1178 3246 circumierenoialiter
1197 3160 1347 3245 limitata
1369 3171 1427 3243 est
1442 3171 1480 3242 et
1494 3155 1678 3258 distinctu,
1700 3154 1948 3276 omnibusque
1961 3185 2047 3246 cum
2114 3151 2121 3168 ’

309 3309 312 3318 ’
415 3279 628 3368 utilitatibus
651 3294 687 3363 at
706 3276 961 3394 prouentibus,
994 3275 1310 3394 quemadmodum
1330 3305 1401 3386 nos
1423 3273 1562 3362 nostris
1582 3271 1784 3361 heredibus
1806 3303 1890 3359 curn
1912 3273 2045 3391 tegitu-

414 3400 485 3485 mis
519 3397 576 3484 usi
606 3423 734 3481 sumus
761 3409 798 3480 et
817 3395 936 3511 longo
957 3409 1125 3508 ternpore
1146 3394 1377 3501 fruebamur,
1409 3391 1612 3510 magnifico
1640 3391 1874 3511 principique
1894 3389 2045 3478 domino

415 3516 567 3603 domiuo
602 3512 790 3631 Magistro
821 3511 998 3599 Generali
1029 3511 1060 3596 T
1063 3541 1147 3597 errc
1177 3511 1331 3615 Prusia,
1363 3511 1505 3628 totique
1528 3507 1650 3596 ordini
1671 3538 1741 3622 pro
1763 3508 2047 3642 quadringentis
2081 3520 2083 3530 '

414 3633 551 3719 marcis
586 3630 826 3716 tboruncnsis
856 3633 1016 3715 ¹monete
1055 3627 1311 3732 vendidimus,
1353 3658 1426 3746 quo
1463 3627 1602 3744 paratis
1643 3629 1679 3713 iu
1714 3628 1885 3743 pecunrjs
1925 3627 2046 3732 nobis,

414 3750 630 3867 nostrisque
659 3747 860 3833 heredibus
891 3747 1080 3864 legittimis
1110 3749 1300 3863 utriusque
1331 3775 1446 3833 sexus
1474 3744 1704 3862 integraliter
1731 3755 1816 3830 suut
1844 3744 2044 3860 persoluto.

414 3868 541 3980 Quam
562 3863 710 3984 quidem
728 3862 849 3950 villam
871 3863 1012 3950 dictam
1029 3869 1283 3965 Sorzeczewo,
1306 3865 1586 3981 prenominatus
1607 3859 1830 3978 magnificus
1850 3861 2046 3978 princeps-

415 4015 488 4103 que
520 3983 692 4069 dominus
728 3979 901 4068 dominus
936 3979 1124 4096 Magister
1161 3982 1358 4069 Generalis
1389 3981 1509 4066 Terre
1539 3978 1697 4083 Prusia,
1737 3991 1913 4096 totusque
1950 3977 2045 4066 ordo

263 4185 266 4194 ,
414 4103 604 4219 perpetuis
636 4095 1162 4216 temporibuspnssidebuut,
1194 4099 1389 4202 tenebunt,
1420 4093 1632 4201 habebunt,
1662 4126 1733 4184 neo
1761 4125 1838 4185 uon
1866 4095 2046 4196 vendere,

413 4216 558 4305 donare
578 4233 617 4304 et
637 4231 866 4305 commutare
888 4230 1047 4335 possunt
1067 4231 1103 4303 et
1122 4216 1172 4304 ad
1192 4247 1285 4304 usus
1305 4215 1564 4333 beneplacitos
1585 4227 1820 4319 conuertere,
1846 4229 1959 4330 prout
1977 4243 2046 4300 sue

413 4334 718 4454 magnificencie,
751 4337 888 4451 totique
917 4334 1036 4421 ordini
1064 4334 1185 4420 utilius
1213 4334 1396 4420 videbitur
1424 4331 1622 4450 expedirc3
1653 4331 1764 4419 nichil
1785 4331 1939 4418 indicta
1960 4327 2046 4415 villa

411 4459 669 4545 Sorzeczcwo'
690 4481 760 4568 pro
785 4452 894 4539 nobis
915 4481 963 4537 ac
983 4451 1170 4569 legittimis
1191 4449 1399 4538 heredibus.
1412 4452 1552 4538 nostris
1572 4453 1766 4568 utriusque
1787 4477 1923 4552 sexus,
1947 4445 2045 4564 juris

412 4585 449 4657 et
470 4570 620 4686 dominij
643 4567 888 4657 reseruando.
924 4567 1083 4685 Insuper
1103 4571 1349 4687 promittimus
1369 4571 1508 4655 nostris
1530 4597 1614 4654 cum
1636 4566 1835 4654 heredibus
1851 4567 2070 4682 utriusque·

515 4801 553 4886 (¹)
581 4803 627 4868 Ex
644 4802 807 4888 archetypo
822 4802 1056 4868 mambranaceo
1072 4800 1102 4866 in
1117 4801 1310 4869 Vorsovieuoi
1326 4799 1478 4866 tabulario
1493 4798 1617 4884 publico
1637 4761 1735 4886 ltegni
1749 4798 1897 4866 Potonioo
1912 4795 1967 4866 Neo
1981 4794 2042 4862 tol

411 4893 576 4965 commoto,
591 4887 640 4952 cui
654 4886 783 4971 sigillum
800 4885 894 4952 dccet
1371 4913 1379 4922 ·

2359 2505 2374 2812 t
