4870 5948
1090 777 1398 860 -ηε

401 991 563 1077 omnium
593 1005 668 1078 tam
696 987 1034 1107 praedecessorum
1069 1019 1179 1106 quam
1210 1018 1477 1075 successorum
1506 1003 1684 1096 meorum,
1716 991 1854 1078 contuli
1885 989 1958 1079 deo
1986 1008 2024 1080 et

399 1107 535 1194 beatae
564 1106 710 1193 lllariae
732 1123 768 1193 et
788 1107 962 1193 iratribus
983 1107 1124 1194 ordinis
1154 1107 1416 1193 Cisterciensis
1437 1105 1486 1192 ad
1508 1106 1710 1193 claustrum
1731 1109 2022 1196 construendum

400 1255 483 1310 oum
515 1226 575 1312 dei
605 1226 792 1340 adjutorio
824 1239 861 1310 et
890 1241 1030 1318 nostro,
1059 1225 1183 1311 villam
1214 1240 1250 1310 et
1279 1223 1433 1310 lundum
1470 1255 1568 1341 quae
1597 1223 1793 1336 Sitaowt2)
1816 1228 2022 1346 vulgariter

399 1344 618 1460 appellatur,
642 1373 724 1430 cum
748 1343 918 1428 omnibus
934 1343 1161 1458 pertinentiis
1178 1342 1268 1446 suis,
1288 1340 1461 1428 videlicet
1480 1349 1644 1428 Straetee
1660 1358 1697 1428 et
1715 1342 2020 1457 Domerowo(³);

265 1497 268 1504 ·
375 1476 436 1547 ·et
456 1477 495 1547 ut
517 1479 668 1548 nostrae
689 1457 900 1546 devotionis
922 1460 1180 1546 benevolentia
1203 1458 1339 1545 clarius
1360 1459 1563 1564 elucescat,
1585 1462 1809 1547 conferimus
1830 1491 1913 1546 eam
1935 1491 2022 1548 cum

325 1668 342 1690 ἢ,
355 1579 542 1666 ,,,.[ειηί1ἰίε
564 1581 641 1664 suis
664 1593 701 1662 et
721 1577 933 1664 utilitatibus
956 1578 1149 1664 universis.
1179 1577 1339 1693 Insuper
1358 1575 1531 1663 addimus
1552 1577 1790 1694 adjuvamen
1807 1581 2021 1667 monasterii

397 1696 603 1812 supradicti
638 1701 889 1807 Beltlrzylroto
923 1714 1076 1780 montem
1112 1709 1149 1778 et
1185 1692 1430 1806 Bocitite(⁴).
1470 1694 1637 1782 Conlero
1659 1697 1768 1798 ctiam
1801 1695 2019 1808 Cumpu(⁵),

395 1808 854 1925 Pttceooto(⁰),ll1ouow,
876 1817 1126 1924 Szczepuuow
1148 1826 1185 1897 et
1199 1809 1427 1922 Petrow(⁷),
1453 1813 1548 1898 sicut
1572 1812 1712 1900 Comes
1733 1809 2018 1927 Resoelausl⁸l

278 1986 310 2024 ,a
395 1933 520 2017 tenuit.
552 1931 621 2016 His
638 1929 811 2016 addimus
836 1935 1016 2016 Cleonem
1036 1929 1369 2021 eminentibus
1391 1931 1469 2015 suis
1491 1943 1529 2013 et
1550 1927 1819 2040 Ttoadou(⁹).
1852 1931 2020 2018 Conseri-

173 2097 212 2164 ς,
395 2077 479 2134 mus
497 2052 605 2134 etiam
622 2047 742 2132 eidem
754 2046 919 2134 claustro
931 2048 1087 2166 singulis
1109 2047 1217 2132 aunis
1238 2047 1417 2133 tredecim
1429 2047 1656 2163 plaustratas
1673 2048 1762 2133 salis
1775 2049 2016 2166 integraliter,

193 2163 223 2256 ,'
394 2164 492 2252 siout
519 2164 568 2250 de
595 2164 742 2252 Russia
776 2164 982 2268 ducuntur,
1026 2164 1073 2251 de
1115 2165 1289 2250 theloneo
1328 2167 1368 2252 in
1398 2166 1668 2276 Suadenti-tir(
1679 2157 1732 2276 10)
1768 2167 2018 2282 recipiendam

314 2365 324 2389 ,
394 2294 432 2368 et
460 2283 607 2368 alveum
628 2283 718 2369 salis
748 2283 784 2366 in
817 2285 1008 2384 Cracooio,
1039 2298 1076 2368 et
1106 2311 1241 2373 novem
1263 2296 1441 2369 castores
1466 2284 1660 2368 annuatim
1692 2282 1742 2368 de
1758 2314 1913 2370 camera
1933 2311 2019 2371 mea

190 2408 200 2428 ³
284 2417 294 2430 ”
392 2401 642 2516 recipiendos.
692 2399 726 2484 F
728 2429 797 2485 oro
826 2416 951 2487 autem
984 2399 1201 2517 praedictae
1231 2400 1415 2488 ecclesiae
1457 2413 1494 2484 et
1523 2400 1695 2487 omuibus
1731 2431 1831 2519 quae
1849 2402 2017 2508 contuli,

493 2647 533 2730 (²)
571 2647 702 2731 Sulejdw
722 2668 802 2712 nune
827 2646 973 2731 oppidum
990 2648 1018 2710 in
1047 2645 1166 2710 sinistra
1192 2646 1260 2730 ripa
1284 2647 1416 2713 lluminis
1441 2647 1556 2713 Pilicio
1581 2648 1670 2726 dieti,
1699 2647 1826 2714 eeclesia
1851 2649 2017 2732 parochiali

391 2729 520 2814 insigne,
546 2731 576 2794 in
592 2733 718 2814 regione
733 2730 965 2804 Petrieoviensi;
995 2741 1027 2794 et
1044 2730 1181 2814 ejusdem
1197 2731 1330 2796 nominis
1345 2731 1505 2816 contiguus
1520 2753 1615 2818 pagus
1630 2734 1661 2798 in
1681 2731 1785 2798 dextra
1811 2733 1932 2800 Pilioiae
1951 2736 2017 2820 ripe

392 2813 477 2892 situs,
507 2817 623 2899 regioni
640 2825 741 2882 tamen
757 2814 948 2899 Opuozuensi
964 2813 1140 2898 adscriptus.
1819 2859 1821 2864 .
1878 2887 1884 2894 ,

492 2895 531 2982 (³)
561 2899 706 2974 Strzelce,
736 2919 813 2984 pugo
835 2898 1032 2983 Sulejoviensi
1055 2899 1190 2982 proxime
1213 2899 1290 2964 villa.
1325 2900 1497 2982 Deli-ouo,
1518 2901 1586 2966 villo
1609 2897 1788 2986 paroehialis
1810 2901 1841 2966 in
1862 2903 2016 2968 territorio

391 2979 593 3068 Opocznensi,
609 2985 734 3068 regione
749 2983 1002 3066 Szydlorieoensi.

490 3070 531 3148 (⁴)
564 3067 787 3154 Boldrzyclrdw
798 3069 884 3154 pora,
905 3067 972 3132 villa
1010 3065 1169 3130 arochialis
1184 3067 1213 3130 in
1228 3088 1262 3132 re
1284 3067 1352 3132 ione
1369 3069 1534 3154 Zgiorsensi
1550 3067 1615 3133 sita:
1640 3067 1758 3134 Baetica
1773 3069 1839 3136 ville
1852 3069 2013 3154 parochiae

390 3149 700 3234 Buldrzychorieosis,
719 3152 852 3236 regionis
861 3159 969 3249 'autem
984 3087 1209 3216 izadcovtensis
1217 3171 1227 3226 ;
1258 3089 1396 3217 lucaico
1420 3161 1522 3218 autem
1543 3152 1710 3219 secundum
1733 3153 1946 3240 Dlugossium.
1975 3155 2012 3219 ln
2054 3243 2056 3248 Δ

388 3237 565 3320 apographo
582 3256 739 3320 perperam
773 3237 901 3300 Berlnne
915 3236 1081 3320 legebatur.

490 3319 531 3402 (θ)
562 3319 609 3382 Do
624 3319 730 3384 eadem
747 3321 813 3384 villa
837 3317 952 3418 Campa
970 3319 1157 3401 privilegium
1183 3318 1313 3384 Boleslai
1341 3320 1433 3386 Ducis
1459 3319 1595 3386 Siradiae
1620 3341 1700 3386 anno
1729 3321 1809 3386 1233
1830 3321 2014 3386 monasterio

387 3399 583 3484 Sulojorieosi
600 3405 758 3480 collatum,
781 3412 812 3470 et
828 3403 951 3469 inferrus
967 3403 1021 3469 ΝΜ
1037 3404 1167 3468 ΧΧΙΙΙιο
1182 3403 1365 3488 descriptum
1382 3405 1464 3490 loqui
1480 3405 1617 3479 videtur,
1646 3403 1836 3490 eandemque
1858 3427 1874 3470 a
1890 3405 2015 3470 llumine

385 3487 451 3554 Nor
465 3487 555 3564 dicto,
571 3489 643 3573 quin
659 3498 722 3554 eta
739 3509 817 3573 pago
834 3488 1056 3574 Buldrzyclrdw
1072 3509 1132 3551 non
1148 3489 1237 3571 longe
1253 3488 1366 3552 distare
1381 3489 1478 3553 docet.
1507 3490 1542 3553 ln
1559 3487 1788 3553 confirmatione
1804 3509 1875 3553 vero
1891 3489 2015 3574 antiqua

385 3571 610 3720 privilegiorum
633 3580 665 3636 et
686 3573 884 3637 donationum
909 3573 1095 3637 monasterio
1119 3572 1356 3655 impartitarum,
1383 3593 1438 3657 per
1459 3571 1633 3637 Conradum
1659 3573 1775 3638 Ducem
1797 3571 1962 3639 Cruouviae
1983 3582 2015 3639 ot

410 3655 523 3720 iradine
538 3677 618 3719 anno
637 3657 719 3722 tera
734 3657 832 3732 edita,
855 3655 978 3721 iuferius
992 3657 1048 3722 N'⁰
1063 3657 1185 3724 XXXl⁰
1198 3657 1368 3734 afferenda,
1391 3657 1419 3720 in
1436 3678 1494 3743 qua
1511 3678 1619 3724 omnes
1634 3656 1691 3722 hae
1706 3657 1793 3722 villae
1808 3666 2014 3736 recensentur,

385 3739 467 3804 nulla
484 3739 518 3802 fit
533 3739 571 3804 de
586 3739 652 3803 uilla
668 3739 786 3837 liernpo
802 3740 847 3805 vel
863 3737 947 3825 lippa
964 3739 1096 3812 mentio;
1119 3761 1155 3804 ne
1180 3761 1217 3805 ue
1233 3739 1261 3803 in
1278 3739 1505 3806 Baldriehoviae
1521 3743 1581 3804 oris
1597 3749 1628 3804 et
1642 3763 1738 3888 prope
1761 3742 1824 3806 Ner
1838 3742 1951 3806 llumeu
1966 3749 2014 3806 ost

385 3823 486 3908 aliqua
503 3822 591 3907 hujus
609 3845 738 3888 nommrs
754 3824 840 3889 villa:
862 3844 958 3909 quare
976 3823 1013 3887 de
1030 3845 1117 3908 pago,
1167 3826 1255 3909 epriio
1271 3823 1360 3898 dicto,
1376 3829 1404 3888 iu
1420 3823 1562 3907 parochia
1578 3824 1639 3889 Gra

384 3907 573 3972 Loncieieusi
588 3909 657 3996 sito,
672 3906 720 3971 hic
734 3909 782 3991 agi
799 3929 858 3972 nou
877 3908 1074 3972 dubitandum
1091 3917 1204 3991 putem.
1570 3933 1574 3944 ·

485 3991 526 4074 (ὅ)
555 3991 704 4056 Purendw
720 3989 795 4057 lalso
811 3989 1043 4076 uuthograplron
1059 3993 1190 4068 exhibet,
1206 3992 1374 4058 Portunum
1386 3999 1487 4057 autem
1504 3989 1694 4075 Dlugossius:
1708 4011 1839 4075 quorum
1853 3992 2012 4058 nominum

383 4093 478 4159 quum
489 4084 629 4140 neutrum
642 4077 680 4141 ad
692 4077 783 4140 ullam
796 4075 885 4160 hujus
896 4076 1069 4160 provinciae
1081 4077 1178 4142 uillam
1190 4076 1332 4158 applicari
1345 4079 1447 4159 possit,
1460 4076 1555 4140 multu
1566 4076 1668 4140 verius
1680 4074 1866 4160 praedictum
1879 4075 2012 4142 Conradi

385 4157 570 4241 privilegium
597 4161 665 4223 anni
695 4161 785 4237 tata,
814 4161 1004 4226 Pucenoviae
1029 4161 1097 4224 loco
1121 4160 1280 4232 Proetiadae
1303 4161 1399 4232 villam
1423 4167 1570 4236 recenset,
1599 4179 1678 4244 quae
1700 4158 1793 4229 hodie
1815 4160 2013 4229 Prurinooiee

384 4249 518 4316 rocamr,
534 4242 693 4326 parochiae
707 4244 880 4324 Lemmata,
895 4246 1038 4310 territorii
1054 4241 1266 4320 Luneicieusis,
1281 4245 1413 4328 regionis
1429 4243 1625 4328 Zgiersansis.
1758 4287 1760 4296 ·

485 4326 522 4410 (ἲ)
552 4325 685 4390 Miuodu
713 4329 781 4392 uilla
810 4330 943 4415 regionis
980 4328 1184 4413 Zgiersensis,
1221 4328 1383 4414 parochiae
1411 4328 1541 4400 Koldw;
1577 4327 1795 4416 Serzepureotoo
1824 4329 1855 4394 iu
1885 4327 2012 4412 regione

383 4407 580 4486 Lancioiensi,
598 4409 759 4492 parochiae
774 4411 923 4486 Umienie;
946 4413 1087 4484 Pr'otrdw,
1103 4413 1132 4477 ui
1148 4409 1243 4486 fallor,
1258 4413 1288 4475 in
1304 4412 1429 4496 regione
1443 4411 1663 4489 Szadoovieosi,
1678 4411 1820 4498 parochia
1839 4411 2010 4494 Wierzohy;

382 4493 463 4559 aliud
479 4496 557 4559 enirn
574 4494 735 4568 Protrlrdw,
756 4497 839 4580 quod
855 4497 884 4560 io
900 4497 1023 4581 regione
1045 4495 1232 4561 Orlowieusi
1246 4516 1341 4583 prope
1362 4495 1510 4582 Gustynin
1525 4497 1555 4560 in
1572 4497 1717 4582 parochia
1734 4497 1902 4560 Biatotrrsk
1917 4495 2009 4559 sittim

382 4585 438 4654 est,
453 4579 542 4644 nimis
558 4579 646 4664 longe
661 4581 699 4646 ab
714 4579 779 4644 aliie
795 4581 934 4666 praelatis
949 4581 1038 4646 bonis
1053 4581 1154 4646 distat
1184 4595 1187 4600 '

483 4661 522 4745 (θ)
551 4663 703 4728 liminum
717 4664 900 4749 Dlugoseius
913 4665 932 4730 l.
948 4687 973 4730 u.
987 4675 1150 4743 memorat,
1162 4666 1262 4734 verius
1275 4673 1376 4732 tamen
1392 4665 1537 4732 liotelaoe
1553 4665 1584 4731 in
1599 4663 1754 4750 praedicto
1769 4661 1903 4727 Conmdi
1918 4659 2011 4726 oues

337 4783 341 4792 =
382 4745 451 4812 unni
469 4747 550 4810 1242
565 4748 669 4830 privile
692 4752 720 4814 io
736 4749 924 4816 nominatur.
1878 4783 1881 4790 ¹
1927 4773 1945 4781 ’·

483 4829 521 4914 (⁹)
551 4831 627 4896 Vide
643 4771 766 4900 inlerius
780 4834 1007 4901 adnotationem
1026 4833 1112 4897 lilffl.

481 4914 538 5000 (¹⁰)
568 4913 762 4984 Saadomirrir
775 4920 849 4986 urbs
864 4919 903 4986 ad
918 4917 1077 4994 vistulam,
1092 4917 1165 4982 olim
1180 4917 1364 5000 provinciae,
1381 4935 1461 4986 nunc
1476 4916 1619 4984 territorii
1633 4913 1825 5000 regionisque
1840 4921 1941 5000 eaput.
1969 4952 1972 4966 ·
2009 4940 2013 4949 Δ

1663 3824 1787 3902 oniensi,
1801 3825 1925 3908 regione
1940 3843 2012 3902 voro
2087 3863 2092 3874 ·
