4780 5922
1030 748 1302 822 -218-

348 957 525 1078 perfectis
546 953 740 1056 ruentibus,
760 980 836 1038 nnn
858 963 1003 1057 coacte,
1025 978 1096 1036 nec
1112 949 1317 1066 compulsa,
1338 946 1407 1036 sed
1429 949 1614 1036 bonorum
1635 979 1812 1038 sensuum
1834 951 1974 1042 deiibe·

348 1078 513 1178 racione,
535 1088 670 1159 etcum
687 1099 840 1157 suorum
856 1069 1073 1173 arnicorunr,
1094 1064 1267 1154 videlicet
1282 1064 1442 1182 Nicolay
1457 1066 1545 1154 dicti
1566 1066 1762 1169 Visichlot,
1784 1069 1975 1189 quondam

347 1194 410 1310 filij
432 1188 652 1303 Stanissiay,
685 1199 722 1272 et
742 1187 961 1273 Stuszkonis
980 1183 1042 1301 filij
1066 1183 1255 1304 quondam
1286 1182 1429 1274 Alberti
1456 1215 1530 1304 pye
1550 1187 1728 1274 memorie
1757 1186 1904 1275 heredis
1925 1187 1975 1276 de

348 1319 474 1422 Knepe
503 1305 619 1393 libera
641 1306 871 1421 volumptate
890 1301 994 1414 (sic),
1026 1332 1102 1390 non
1121 1330 1189 1419 pre
1209 1305 1396 1418 puericia,
1428 1302 1497 1389 sed
1518 1303 1568 1390 ad
1589 1331 1710 1390 annos
1730 1304 1974 1394 discrecionis

347 1421 479 1516 omnes
499 1423 665 1544 plenarie
686 1424 890 1524 venientes,
910 1420 959 1506 ad
982 1449 1104 1507 annos
1120 1419 1214 1508 tales
1233 1420 1413 1510 videlicet·
1434 1418 1618 1510 Nicotaus
1631 1419 1682 1508 ad
1696 1424 1974 1539 annosviginti,

203 1607 205 1631 .
275 1587 280 1596 ·
347 1545 494 1634 Biohno
527 1541 575 1628 ad
599 1540 792 1626 decimum
817 1554 1012 1642 nanuum,
1046 1538 1184 1624 Czibor
1205 1537 1253 1661 ad
1267 1538 1548 1657 quindecimum
1569 1567 1726 1662 mcum,
1757 1539 1975 1660 hereditatis

200 1664 240 1713 t·
346 1677 491 1782 partem
513 1687 641 1747 eorum
667 1662 844 1745 Czc'bozre
864 1656 947 1767 (sic)
969 1655 1153 1743 dederunt
1174 1721 1616 1748 ···············
1638 1656 1774 1744 dissfflffl
1802 1664 1973 1758 21⁰²ka

229 1766 246 1799 ”“
346 1781 499 1870 domino
519 1777 684 1894 palatino
705 1777 776 1862 bin
798 1775 910 1877 dicto,
943 1803 1027 1860 curn
1048 1774 1220 1860 omnibus
1241 1773 1451 1864 utilitab'bus
1477 1791 1516 1862 et
1533 1773 1777 1892 prouentibus
1807 1775 1856 1862 ad
1886 1795 1973 1864 een·

347 1899 433 1984 dein
455 1894 735 2014 pertinentibus,
766 1895 877 2011 prbut
897 1907 983 1979 sunt
1003 1957 1541 1978 ..................
1561 1891 1702 1980 filiastri
1723 1895 1794 1979 iam
1815 1897 1973 2010 preteeti

347 2015 498 2134 palatini
530 2025 567 2099 et
587 2013 644 2096 sui
665 2012 772 2097 aurici
795 2039 1007 2125 prememor
1027 2075 1186 2093 ......
1199 2032 1217 2093 ’.
1239 2007 1377 2096 dictam
1398 2009 1640 2098 hereditatem
1666 2041 1709 2096 se
1737 2011 1973 2126 perhenniter

346 2135 464 2220 abren
467 2193 1023 2214 ...................
1045 2128 1123 2214 suis
1144 2129 1251 2214 ruetis
1282 2142 1320 2215 et
1339 2129 1504 2215 terminis
1525 2159 1594 2246 per
1614 2157 1648 2212 nr
1651 2193 1840 2213 .......
1844 2159 1878 2216 nr
1900 2132 1972 2215 ianr

346 2251 454 2338 dictis
482 2247 655 2337 videlicet
681 2243 841 2333 Nicoiao
863 2311 1393 2330 ..................
1416 2262 1453 2332 et
1472 2245 1684 2333 Stoszkone
1709 2247 1971 2352 circumferen-

267 2363 272 2370 ’
345 2367 487 2455 cialiter
506 2380 565 2454 est
585 2364 734 2451 limitata
756 2431 764 2446 .
785 2429 795 2448 .
816 2397 825 2446 ι
847 2427 1280 2447 ...............
1303 2363 1577 2478 Cuyauiensem
1599 2377 1636 2449 et
1655 2393 1723 2478 per
1744 2365 1864 2475 s(u0s)
1885 2395 1971 2453 suc·

346 2514 524 2574 cessores
555 2481 691 2568 dictant
721 2480 964 2569 hereditatem
973 2545 1559 2584 ....................
1581 2481 1790 2600 regendam
1811 2549 1819 2566 .
1841 2549 1849 2565 .
1871 2549 1880 2566 .

346 2604 452 2704 darn,
484 2614 642 2687 conuert
662 2666 670 2681 .
692 2665 700 2680 .
723 2665 730 2680 .
753 2664 762 2680 .
783 2664 792 2680 .
813 2665 822 2682 .
844 2664 852 2680 .
874 2664 883 2681 .
905 2664 913 2681 .
935 2664 943 2681 .
965 2665 973 2681 .
996 2625 1005 2680 ι
1026 2663 1249 2680 ........
1270 2612 1381 2714 prout
1400 2597 1468 2685 sibi
1497 2613 1535 2686 et
1555 2599 1633 2686 suis
1655 2600 1970 2709 (successorhbus

346 2720 477 2806 melius
498 2732 536 2801 et
555 2779 1078 2799 ..................
1120 2712 1258 2802 Adhuc
1279 2781 1485 2821 ........
1518 2717 1701 2834 palatinus
1723 2749 1746 2834 p
1749 2781 1967 2801 ........

348 2899 631 2922 ..........
653 2831 1967 2945 rnanurnadiutricem......exitxxnrar........·...A......

346 2951 583 3071 supradictas
604 2949 776 3038 dominus
797 2955 832 3069 pss
854 3016 1014 3035 ......
1035 2950 1113 3038 suis
1134 2950 1296 3038 filiastris
1318 2947 1453 3038 dictam
1475 3017 1967 3037 .................

344 3071 551 3190 resignauit
571 3135 731 3154 ......
753 3068 965 3156 utilitatibus
995 3098 1042 3154 ac
1064 3095 1094 3152 .·
1097 3135 1573 3156 ................
1596 3072 1839 3188 prouentibus
1860 3087 1970 3187 prout

345 3192 383 3276 in'
409 3189 488 3274 suis
513 3185 677 3304 gadibus
698 3185 1084 3284 circumferencialiter
1105 3202 1162 3272 est
1183 3255 1191 3270 .
1216 3255 1224 3270 .
1248 3255 1255 3271 .
1280 3256 1287 3271 .
1313 3252 1319 3270 ..
1343 3253 1674 3273 ...........
1696 3187 1966 3306 possidendam

346 3371 517 3392 ......
540 3303 840 3390 conflictandum
862 3334 931 3420 pro
955 3372 962 3388 .
987 3307 1669 3426 ................sagatius
1690 3305 1834 3391 uidetur
1854 3337 1966 3422 expe-

343 3424 435 3510 dire.
488 3422 668 3508 Preterea
690 3451 883 3540 recogncs
886 3486 1462 3507 ...................
1465 3422 1579 3510 latino
1602 3421 1795 3509 iamdicto
1823 3439 1966 3509 etsoc-

344 3538 589 3651 (cessoriibus
621 3569 690 3654 pro
717 3541 795 3626 suis
817 3542 955 3626 meritis
977 3607 1591 3626 ....................
1614 3541 1724 3628 nobis
1747 3543 1910 3658 inpensis
1932 3557 1969 3627 et

184 3737 190 3752 ‚
344 3657 443 3744 aduc
464 3657 545 3766 (sic)
568 3656 603 3740 in
625 3671 833 3772 posterum,
859 3687 926 3772 per
947 3687 1039 3744 suos
1060 3685 1310 3745 successores
1313 3724 1831 3761 .................
1854 3689 1980 3776 super

344 3772 481 3861 dictam
503 3785 647 3888 partem
668 3775 735 3858 her
738 3839 931 3857 .......
934 3803 992 3878 re,
1025 3805 1098 3891 que
1118 3803 1209 3890 pars
1230 3805 1299 3890 per
1319 3805 1411 3862 suos
1432 3809 1450 3862 s
1454 3837 1964 3862 .................

343 3923 413 4008 pro
435 3889 638 3980 hereditate
659 3896 823 3976 Ztotnile'
840 3889 908 3978 sibi
930 3906 987 3976 est
1007 3905 1241 3997 commutata,
1262 3894 1385 3978 omnia
1402 3895 1480 3979 iura
1496 3923 1542 3980 su
1544 3958 1706 3978 ......
1727 3893 1966 3998 hereditates

343 4009 455 4098 scribi
475 4009 662 4111 iussimus,
684 4037 755 4094 nec
777 4037 852 4094 non
873 4073 882 4089 .
904 4075 912 4091 .
1033 4075 1040 4094 .
1064 4011 1261 4095 munimine
1282 4010 1463 4095 roborari.
1516 4009 1567 4099 Ut
1592 4028 1715 4098 eutem
1737 4010 1759 4096 h
1763 4078 1965 4099 .......

344 4196 352 4212 .
377 4195 384 4209 .
409 4193 417 4208 .
440 4193 448 4208 .
470 4125 601 4241 eambij
624 4155 672 4212 ac
692 4126 912 4214 mutacionis
934 4127 1122 4242 peraccio,
1142 4127 1370 4245 resignacio,
1391 4128 1665 4228 abremuciacio
1687 4129 1781 4240 (sic),
1802 4131 1966 4248 iurisque

343 4244 525 4346 donacio,
558 4245 672 4333 robur
694 4241 859 4332 obtineat
877 4260 1058 4363 perpetue
1080 4311 1249 4330 ......
1272 4246 1497 4362 (presente)s
1520 4248 1646 4334 literas
1667 4246 1777 4332 scribi
1798 4249 1964 4352 iecirnus,

342 4377 379 4447 et
406 4391 473 4448 eas
501 4363 619 4446 nostri
650 4361 758 4482 sigilli
789 4363 986 4448 munimine
1017 4363 1190 4449 iussimus
1224 4363 1414 4468 roborari,
1445 4363 1496 4450 ad
1516 4365 1748 4454 evidenciam
1779 4362 1859 4473 (sic)
1881 4361 1963 4460 huis

342 4480 424 4588 (sic)
440 4480 494 4566 rei
510 4481 767 4567 testinnonium.
809 4477 945 4565 Datum
968 4495 1005 4567 et
1019 4492 1143 4566 acturo
1164 4483 1200 4566 in
1217 4498 1321 4568 castr
1322 4548 1492 4566 ......
1515 4483 1641 4600 vigilia
1658 4483 1756 4568 beati
1776 4480 1964 4570 Valentini

343 4598 516 4710 martyris
562 4595 698 4700 loriosi,
715 4595 786 4683 sub
801 4625 901 4683 anno
918 4597 1056 4683 domini
1071 4597 1128 4684 Μ0
1137 4600 1184 4687 (1⁰
1192 4599 1239 4686 C⁰
1248 4597 1430 4684 C⁰LX11⁰.
1454 4599 1698 4685 Presentibus
1713 4595 1783 4714 hijs
1799 4595 1963 4685 testibus:

342 4711 493 4798 domino
515 4625 702 4800 dswatoo
724 4713 939 4824 Casteliano
960 4714 1037 4802 Slo.
1061 4781 1069 4803 .
1094 4783 1102 4800 .
1126 4783 1133 4800 .
1157 4784 1165 4801 .
1185 4785 1206 4818 .,
1228 4715 1381 4802 Andron
1403 4716 1484 4825 (sic)
1504 4714 1628 4804 dudici
1651 4716 1843 4834 Cuyauien
1845 4781 1962 4819 .....

341 4828 553 4916 Przibislao
573 4829 810 4936 Vexiiiiiero,
841 4831 994 4926 donno
1018 4831 1210 4922 dasckone
1231 4833 1490 4947 Subpinoerne
1511 4901 1521 4918 .
1543 4901 1553 4920 .
1576 4903 1585 4920 .
1609 4903 1633 4920 ..
1641 4901 1760 4936 .....
1788 4834 1962 4922 dohanne
