4870 5948
295 926 328 998 s.

1133 710 1382 780 ..42..

444 921 541 1006 inter
554 917 689 1002 tratres
705 913 753 1000 dc
769 919 906 1024 Sutuyo
923 941 971 996 ex
986 939 1061 1000 una
1076 924 1194 1027 parte,
1210 923 1247 995 et
1260 908 1433 996 Voncam
1451 920 1488 994 et
1503 905 1774 996 aliosberedes
1790 907 1839 994 de
1863 906 2067 1024 l'oelrrz(²)

444 1065 493 1124 ex
513 1035 630 1122 altera
649 1047 773 1149 perte,
805 1030 853 1117 de
875 1028 1038 1147 quodam
1058 1027 1200 1146 angulo
1221 1041 1320 1112 terre
1342 1027 1404 1144 qui
1417 1027 1523 1142 jacet
1542 1026 1637 1114 inter
1656 1027 1861 1145 graniciam
1884 1027 2067 1115 dictorum

443 1156 595 1240 lratrum
627 1166 664 1237 et
694 1149 816 1236 dictos
847 1149 998 1252 tratres,
1030 1175 1160 1234 eoram
1189 1145 1300 1232 nobis
1325 1143 1467 1260 judicio
1497 1145 1563 1229 luit
1594 1145 1807 1251 terminata,
1839 1162 1877 1233 et
1900 1162 1996 1234 mete
2017 1145 2067 1232 de

444 1270 635 1386 utriusque
665 1269 782 1384 partis
813 1295 1003 1353 consensu
1024 1278 1062 1351 et
1084 1277 1217 1352 nostro
1238 1265 1320 1379 [per
1341 1262 1514 1378 alilquam
1537 1257 1593 1373 (³)
1625 1263 1723 1374 viam
1761 1294 1834 1382 que
1871 1263 2068 1352 descendit
2169 1357 2173 1364 ,

443 1387 493 1474 de
512 1393 661 1474 Suruoe
691 1387 727 1472 in
757 1384 899 1499 Suluyo
920 1384 1015 1469 inter
1043 1411 1112 1469 eos
1137 1381 1343 1500 assignate.
1389 1379 1441 1466 Et
1460 1410 1508 1465 ne
1527 1379 1784 1513 supradictum
1798 1380 1978 1496 judicium
1999 1413 2067 1498 per

350 1593 355 1604 ,
443 1504 645 1627 quamlibet
673 1518 818 1619 partem
848 1501 970 1616 possit
999 1500 1190 1605 revocari,
1231 1496 1371 1598 velde
1402 1497 1626 1614 supradictis
1647 1513 1753 1585 meus
1774 1497 1927 1632 querela
1948 1503 2068 1634 possit

442 1624 478 1710 in
509 1637 701 1740 posterum
722 1618 912 1722 suscitari,
957 1631 1172 1734 presentem
1201 1617 1379 1736 paginam
1409 1615 1519 1734 sigilli
1549 1617 1669 1704 nostri
1694 1617 1890 1703 munimine
1910 1618 2066 1706 lecimus
2184 1713 2190 1718 ,

343 1809 351 1843 ,
441 1737 625 1828 roborari.
656 1737 809 1825 Testes:
829 1735 1069 1822 Pacbozlaus
1085 1765 1204 1822 senex
1219 1733 1268 1821 de
1283 1739 1431 1820 Sarnoe
1455 1734 1711 1838 Castellanus,
1734 1737 1796 1852 qui
1812 1733 2067 1852 supradictum

328 1850 366 1921 ’ἶ
442 1887 598 1946 oausam
618 1881 747 1943 coram
767 1885 828 1940 me
842 1852 1043 1970 judicavit,
1087 1865 1125 1939 et
1144 1847 1358 1972 Bogdanus
1382 1853 1641 1957 Camerarius,
1686 1855 1891 1968 quimetus
1912 1851 1961 1940 de
1980 1855 2066 1940 utri-

442 2001 562 2094 usque
584 1975 699 2092 partis
720 2001 911 2059 consensu
933 1984 970 2056 et
989 1983 1133 2074 nostro,
1164 1998 1294 2058 eoram
1313 1971 1449 2056 vicinia
1469 1971 1554 2057 lecit
1586 1985 1625 2056 et
1652 1968 1795 2072 incidit,
1826 1969 1985 2056 etmulti
2005 1969 2065 2056 alii

442 2093 503 2208 qui
525 2104 720 2210 presentes
742 2103 838 2178 sunt
869 2088 968 2175 Aeta
988 2104 1075 2176 sunt
1095 2089 1165 2175 bec
1186 2119 1285 2177 anno
1307 2118 1439 2206 gracie
1459 2088 1517 2174 M⁰
1540 2086 1625 2174 CC⁰
1645 2085 1771 2173 XXX⁰
1791 2085 1880 2172 Vll⁰
1896 2087 1932 2173 in
1946 2092 2064 2173 Bolo-
2195 2181 2200 2192 ,

439 2239 510 2322 que
530 2205 598 2321 (4l
648 2207 849 2295 Sciendum
870 2236 983 2314 vero,
1016 2206 1118 2326 quod
1138 2207 1295 2324 predicti
1316 2205 1477 2292 beredes
1508 2233 1531 2291 u
1563 2204 1791 2322 supradictis
1821 2204 1996 2292 iratribus
2015 2201 2066 2290 de

440 2325 586 2442 Suluyo
607 2355 677 2442 pro
697 2325 888 2414 laboribus
913 2355 1059 2442 eorum,
1100 2325 1409 2444 extirpationibus
1438 2337 1477 2412 et
1506 2323 1723 2422 arboribus,
1762 2321 1838 2410 XV
1868 2349 2066 2412 mensuras

440 2441 839 2560 mellissusceperunt

459 2747 465 2759 ,
540 2687 579 2770 (²)
609 2687 743 2765 Quinem
757 2687 843 2753 loeus
864 2686 903 2752 rit
922 2683 973 2762 bic
994 2694 1137 2770 corrupte
1152 2685 1318 2763 iudicatus,
1339 2707 1412 2754 num
1444 2687 1556 2770 Wojetn
1578 2683 1759 2770 paroehialis
1773 2685 1842 2751 villa
1856 2683 1936 2752 inter
1949 2684 2066 2773 Sulejo·

437 2771 517 2838 riam
539 2777 571 2836 et
591 2760 722 2835 Zarndw
744 2771 800 2834 sito
821 2770 953 2855 regionis
969 2770 1192 2855 Opocznensis,
1214 2791 1252 2834 an
1274 2791 1346 2836 vero
1378 2772 1512 2852 Wgooezc
1525 2769 1672 2836 territorii
1687 2769 1910 2855 Opoeznensis,
1932 2771 2065 2857 regionis

375 2941 377 2948 y
439 2875 510 2922 vero
525 2861 556 2922 et
570 2853 732 3105 gerochum
746 2853 933 2920 Korlscensis
948 2855 1031 2932 villu,
1053 2875 1093 2920 an
1107 2853 1183 2932 ulia,
1207 2874 1326 2921 meeum
1342 2855 1406 2940 ipse
1421 2854 1538 2921 dubito,

604 2937 777 3006 Verborum
793 2938 837 3006 lm
860 2946 960 3004 mento
975 2939 1006 3003 in
1021 2937 1186 3024 exemplari
1201 2941 1328 3019 omisso,
1351 2939 1395 3005 sic
1409 2935 1597 3007 restituendo
1612 2945 1697 3024 puto.

609 3021 714 3109 Blogr'e
728 3022 826 3091 villam
839 2961 863 3088 b

553 2942 565 2980 ³

540 2939 565 3106 l⁴
864 3023 1013 3107 ulejoriao
1029 3023 1196 3110 proximam
1212 3030 1248 3088 ut
1262 3023 1480 3109 intelligamus,
1503 3023 1580 3090 situs
1595 3022 1653 3090 loci
1667 3042 1723 3088 nos
1738 3029 1848 3090 moret
1910 3119 1919 3136 ο

1154 3359 1354 3476 XXlllll.

820 3697 826 3709 .
884 3627 1242 3712 molooniae
1268 3645 1423 3712 omno
1448 3623 1617 3712 noo.

435 3823 700 3898 Boleslaus
720 3825 852 3898 tudem
872 3825 943 3897 uu
959 3825 1170 3900 tutontrtoo
1185 3826 1385 3901 demtionem
1397 3825 1493 3900 rtttoo
1507 3829 1624 3915 Reputo
1638 3843 1659 3898 o
1671 3827 1802 3903 tntoom
1815 3827 2055 3922 bettenhusen
2165 3763 2168 3772 Δ

714 3925 887 4001 moment
900 3927 1050 4000 comotto
1064 3927 1272 4023 tudertum
1283 3929 1410 4018 boun,
1424 3931 1528 4002 nte·
1541 3945 1614 4001 enm
1621 3927 1716 4022 lutet
1730 3933 1783 4020 (¹).

536 4147 579 4234 ln
601 4151 751 4236 nomine
771 4148 927 4253 domini,
970 4181 1090 4238 amen.
1142 4150 1333 4264 Quoniam
1354 4148 1515 4236 mundus
1535 4148 1704 4238 caducus
1726 4167 1801 4260 est,
1843 4167 1880 4242 et
1900 4153 2059 4243 diversis

437 4263 599 4382 quotidie
615 4267 766 4355 casibus
782 4271 956 4377 variatur,
972 4268 1114 4356 idcirco
1131 4297 1292 4356 necessa
1307 4285 1363 4356 est
1380 4267 1550 4356 actiones
1561 4268 1757 4384 legitimas,
1771 4274 2059 4388 quaememoria

435 4380 621 4501 indigent,
666 4414 735 4499 per
769 4387 896 4501 scripti
932 4387 1194 4474 continentiam
1230 4388 1265 4472 in
1297 4388 1460 4474 notitiam
1486 4387 1682 4472 transmitti
1702 4401 1951 4505 posterorum.
2000 4389 2061 4476 Ea

434 4512 599 4618 propter,
620 4527 697 4620 ego
713 4498 917 4589 Boleslaus
937 4502 997 4589 dei
1018 4507 1140 4622 gratia
1156 4503 1245 4592 Dux
1265 4503 1526 4592 Sandomiriae
1541 4532 1626 4588 oum
1642 4518 1761 4592 matre
1774 4535 1861 4592 mea
1875 4505 2060 4594 universis

522 4744 574 4844 ‚l¹l
604 4747 809 4834 Apograpbon
823 4770 841 4815 e
856 4743 934 4815 libro
950 4747 1171 4835 privilegiorum
1187 4752 1326 4820 coenobii
1340 4751 1553 4838 Sulejoriensis
1565 4755 1873 4841 auctoritatopublico
1883 4773 1964 4822 nouo
1976 4752 2060 4823 lllld

434 4828 631 4917 descriptum,
656 4833 743 4900 nobis
758 4834 985 4902 rescribendum
1001 4835 1153 4901 concessit
1167 4836 1273 4904 doctis.
1289 4837 1424 4922 Ignotiuo
1438 4836 1578 4923 llycbter.
